2000 2975
245 113 375 200 nisus
408 97 655 205 sucvun'vs
771 141 852 224 'ast

29 286 83 325 est.
118 261 248 339 Depulsio
267 283 316 335 est,
340 275 483 327 concessio.
505 273 610 335 rRatio,
638 270 672 324 Vi
688 285 847 326 etnecessar

30 345 74 391 sio
98 357 191 390 snmus
207 342 235 389 in
253 350 360 406 portum
377 344 472 392 coacti·
507 340 654 390 Infirmatio
678 352 726 405 est,
745 342 840 394 Narin
920 359 922 370 ¹

30 427 68 460 ex
84 410 145 474 lege
157 419 246 459 tamen
260 410 350 474 populi
364 426 419 461 esse
436 420 549 474 oportet.
566 408 696 460 Iudicatio
710 422 758 472 est,
771 410 840 460 Cum

17 488 181 528 noeentum
206 478 296 527 navim
312 478 340 525 in
356 490 435 543 portu
452 469 703 543 deprehensam'lex
719 478 840 545 puissica·

30 549 79 609 rit,
98 560 214 610 ctunque
236 543 300 593 hacc
321 546 403 607 navis,
421 546 511 596 invitis
535 546 632 608 nautis,
655 546 682 596 ri
699 556 840 610 tempesta·

32 616 69 668 tis
89 615 118 662 in
137 623 246 678 portum
264 612 383 662 coniecta
406 614 455 675 sit3
474 618 632 677 oporteatne*
645 630 704 663 eam
720 613 840 679 publica·

31 685 67 732 ri.
102 679 210 730 Horum
233 680 315 730 trium
341 693 468 745 generum
486 679 588 731 idcirco
604 681 711 732 unum‘
749 681 840 731 locum

32 749 200 800 contulimus
225 747 352 813 exempla,
378 748 450 811 quod
471 749 566 797 similis
590 750 618 798 in
642 767 672 798 ea
689 699 848 815 piieceptio·

17 817 255 884 'argumentorum
278 814 402 868 traditur·
436 815 507 865 Nam
528 817 558 864 in
579 815 621 865 his
647 815 770 874 omnihus
786 816 840 880 pri·
883 818 888 822 ’

34 903 121 947 mum,
140 885 162 933 si
186 881 251 949 quid
268 899 310 933 res
326 885 388 950 ipsa
401 881 477 933 dabit
494 884 635 944 facultatis,
660 886 840 933 coniecturam

35 954 129 1004 induci
146 950 180 1002 ab
203 962 354 1000 accusatore
379 951 522 1017 oportebit,
540 963 576 1014 ut
597 950 635 1012 id,
659 951 730 1017 qnod
747 952 839 1018 volun·

34 1021 210 1072 rarefactum
232 1018 381 1086 negabitur,
412 1021 533 1074 consulto
558 1020 667 1081 factum,
692 1019 838 1083 suspicione

34 1091 126 1153 aliqua
147 1087 356 1137 demonstretur:
381 1086 476 1138 deinde
489 1086 628 1144 rinducere
660 1086 837 1136 definitionem

34 1154 244 1216 necessitudinis,
262 1168 307 1205 aut
325 1172 408 1217 casus,
426 1165 472 1205 aut
487 1155 689 1221 imprudentiae,
708 1166 734 1204 et
751 1168 838 1203 exeru-
860 1196 863 1200 Δ

34 1227 81 1289 pla
98 1222 210 1290 adeam
236 1222 417 1274 definitionem
438 1221 590 1289 adiungere,
612 1224 642 1273 in
666 1220 762 1289 quibus
788 1222 838 1270 im=

35 1291 179 1358 prudentia
193 1289 274 1341 fnisse
291 1290 421 1352 videatur,
439 1303 483 1340 aut
503 1308 585 1353 casus,
604 1302 649 1340 aut
663 1288 836 1349 necessitudo,
857 1287 870 1332 i

36 1373 63 1410 et
80 1360 114 1410 ab
137 1358 178 1410 his
195 1357 233 1420 id,
259 1358 334 1425 quod
355 1375 415 1425 reus
431 1359 537 1424 inferet,
567 1375 696 1424 separare,
725 1356 767 1423 [id
789 1370 836 1417 est,
888 1364 894 1372 ¹

36 1425 175 1484 ostendere
192 1423 343 1493 dissimile,]
362 1424 435 1492 quod
450 1426 545 1489 levius,
562 1427 678 1488 facilius,
694 1442 748 1493 non
763 1422 837 1491 igno·

35 1497 131 1557 rabile,
146 1512 201 1544 non
219 1494 369 1556 fortuitum,
387 1512 442 1544 non
459 1497 636 1546 necessarium
648 1496 742 1545 fuerit:
753 1491 836 1559 post·
914 1497 917 1505 “

36 1583 67 1613 ea
86 1562 274 1625 demonstrare,
310 1563 425 1628 potuisse
442 1564 537 1629 vitari,
564 1575 592 1614 et
600 1562 649 1612 hac
660 1563 763 1615 ratione
776 1556 840 1627 proi

34 1630 122 1681 rideri
137 1632 263 1699 potuisse,
281 1631 303 1679 si
321 1629 380 1691 hoc',
399 1643 445 1680 aut
462 1630 532 1680 illud
551 1632 668 1692 fecisset,
686 1640 774 1679 autne
798 1631 836 1680 sic

35 1700 149 1760 fecisset,
165 1699 329 1764 praecaveri:
352 1711 379 1748 et
396 1698 593 1748 definitionibus
616 1697 763 1759 ostendere,
781 1714 836 1747 non
863 1712 867 1721 ¹

36 1767 103 1817 hanc
121 1765 337 1833 imprudentiam,
355 1779 402 1815 rut
421 1782 520 1829 casum,
539 1777 586 1815 ant
602 1764 835 1826 necessitudinem,

35 1833 87 1884 sed
99 1835 233 1897 inertiam,
246 1835 442 1898 negligentiam,
455 1834 605 1883 fatuitatem
618 1834 751 1882 nominari
759 1850 837 1899 opor·

36 1915 99 1957 tere.
135 1900 175 1952 Ac
188 1903 215 1951 si
233 1917 286 1966 qua
303 1899 469 1952 necessitudo
487 1900 683 1968 turpitudinem
701 1899 836 1951 videbitur

34 1970 142 2031 habere,
162 1967 297 2035 oportebit
308 1986 361 2034 ,per
377 1970 500 2021 locorum
518 1970 702 2018 communium
715 1966 835 2035 implicui

33 2040 137 2088 tionem
153 2035 358 2101 redarguentem
377 2034 566 2096 demonstrare,
600 2036 705 2103 quidvis
723 2038 834 2102 perpeti,

34 2107 103 2156 mori
122 2104 236 2173 denique
258 2105 340 2152 satius
368 2104 456 2165 fuisse,
476 2119 558 2169 quam
574 2103 707 2155 eiusmodi
725 2105 836 2154 necessi·

33 2173 123 2231 tudini
141 2171 332 2238 obtemperare.
365 2171 454 2240 Atque
471 2183 572 2223 tnmcx
583 2171 625 2221 his
640 2172 715 2233 locis,
734 2171 766 2221 de
777 2172 835 2237 qui·

34 2241 87 2290 bus
102 2242 131 2290 in
147 2241 273 2306 negotiali
289 2251 364 2306 parte
381 2239 486 2290 dictum
502 2252 551 2303 est,
568 2242 633 2290 iuris
651 2252 677 2288 et
695 2240 835 2304 aequitatis

33 2321 157 2358 naturam
168 2307 307 2375 ,oportebit
324 2324 456 2376 quaerere,
474 2315 511 2370 et,
522 2309 603 2373 quasi
618 2309 648 2370 vin
665 2306 788 2356 absoluta
794 2308 835 2356 iu·

33 2372 164 2443 ridic'iali,
176 2393 223 2443 per
248 2393 275 2425 se
293 2376 343 2427 hoe
368 2378 456 2442 ipsum
473 2376 508 2425 ab
525 2376 605 2433 rebus
622 2374 747 2426 omnibus
763 2390 835 2441 seps·

33 2445 117 2499 ratim
141 2442 314 2502 considerare.
348 2438 437 2511 Atque
460 2443 512 2495 hoc
535 2445 564 2492 in
586 2444 655 2505 loco,
681 2445 703 2493 si
719 2443 835 2494 facultas
905 2444 921 2455 ‘'

33 2508 94 2575 erit,
118 2512 243 2577 exemplis
262 2512 303 2560 uti
324 2512 467 2576 oportebit,
494 2509 593 2579 quibus
611 2512 640 2559 in
656 2511 738 2561 simili
754 2525 834 2560 encu-

15 2581 203 2639 ¹sationetnon
227 2581 269 2641 sit’
279 2580 416 2643 ignotum:
440 2591 467 2631 et
482 2580 659 2638 contentione,
678 2580 763 2644 magis
780 2578 834 2634 illis

15 2644 222 2715 3igno'sc'endunr
247 2643 342 2697 fuisse:
373 2658 400 2695 cr
422 2663 455 2697 ex
477 2645 676 2697 deliberationis
700 2641 833 2713 partibus,
