2000 2975
255 151 382 217 urana
402 130 660 216 uncrinus.
688 191 717 204 ,,
798 145 849 204 245

39 296 99 332 non
107 276 182 329 idem
195 275 318 342 videatur
329 276 361 327 de
374 287 484 343 utraque
497 277 643 326 existimari
656 287 785 343 oportere.
798 273 847 336 Ac,
885 288 892 295 '

40 351 65 398 si
78 351 138 416 ipsc
157 361 261 413 quoque
274 347 370 413 poterit
380 345 626 398 ratiocinationibus
638 347 684 404 uti,
701 343 796 394 iisdem
808 359 847 393 rao

40 414 272 475 dominationibus,
286 414 381 479 quibus
396 426 456 463 ante
470 413 572 462 dictum
587 421 633 472 est,
647 422 748 463 utetur:
765 413 847 461 ainou

40 484 153 552 poterit,
165 481 272 547 negabit
277 492 396 549 oportere
408 479 564 548 quidquam,
578 482 630 529 nisi
639 479 713 547 'quod
721 481 849 545 scriptum

40 554 86 614 sit,
105 549 288 601 considerare:
309 548 567 616 [periclitari'omnia
582 550 647 610 iura,
663 550 684 597 ai
698 546 850 598 similitudi=

41 638 91 678 nes
109 620 285 684 accipiantur:
307 618 376 665 nibil
387 633 442 667 aare
460 613 550 682 paene,
567 617 640 679 duod
660 629 714 666 non
726 616 801 664 alteri
815 616 849 664 ai·

42 689 113 738 mile
128 685 306 736 easevideatur
316 683 334 749 :]
342 686 434 735 multis
447 683 620 734 dissimilibus
628 685 714 745 rebus,
723 685 849 732 immam·

46 770 187 821 quamque
195 770 252 802 rem
261 763 362 802 tantum
372 754 488 817 singulas
504 768 560 801 esse
571 752 657 816 leger:
674 752 763 800 omnia
773 766 849 816 posce

42 826 120 873 inter
128 821 307 873 aevelaimilia
313 821 355 869 vel
368 818 506 869 dissimilia
514 818 696 869 demonstrari.
705 819 769 868 Loci
778 834 850 868 com·

42 907 144 940 munes
156 907 170 937 a
180 888 388 949 ratiocinatione,
399 896 520 952 oportere
529 888 676 935 coniectura
690 903 723 936 ex
729 905 768 947 eo,
777 884 848 952 quod
900 889 904 896 '

44 957 229 1023 scriptumest,
242 956 276 1006 ad
285 954 321 1016 id,
330 954 401 1020 quod
408 972 463 1003 non
470 956 598 1019 scriptum
609 951 649 1016 ait,
657 955 807 1020 pervenire:
824 963 851 1002 et

42 1026 182 1077 neminem
189 1041 264 1090 posse
279 1017 473 1087 onmesreiper
484 1023 642 1087 scripturam
652 1023 782 1088 amplecti,
803 1020 850 1071 sed
884 1058 887 1064 -

44 1110 113 1147 aum
133 1091 347 1141 commodissime
365 1089 489 1152 scribere,
508 1091 553 1155 qui
571 1100 657 1154 curet,
674 1100 703 1139 ut
720 1088 851 1152 quaedam

45 1179 80 1212 ex
100 1159 262 1227 quibusdam
283 1158 478 1223 intelligantur:
503 1166 593 1206 contra
613 1159 848 1224 ratiocinationem,

46 1226 249 1279 buiuacemodi:
268 1227 445 1276 coniecturam
461 1224 652 1275 divinationem
664 1241 728 1286 ease,
740 1226 851 1290 etatulti

46 1297 188 1361 acriptoris
203 1312 266 1357 esse,
283 1312 336 1344 non
353 1289 429 1361 posse
451 1292 575 1343 omnibua
595 1291 726 1342 derebus
751 1310 849 1355 cavere,
909 1301 916 1352 j

46 1364 151 1429 quibua
167 1364 238 1414 velit.
450 1366 457 1390 ¹
699 1377 704 1384 ·
827 1377 829 1386 ’

122 1431 167 1480 LI.
201 1431 328 1480 Definitio
341 1439 388 1492 est,
402 1430 506 1491 cumin
516 1429 614 1498 scripto
624 1428 734 1482 verbum
742 1426 851 1493 aliquod

47 1511 92 1552 eat
115 1500 244 1567 positum,
264 1499 338 1549 cuius
355 1498 430 1550 deri
450 1500 592 1575 quaeritur,
610 1498 661 1549 hoc
673 1498 765 1548 modo.
788 1498 851 1557 Lex,
894 1546 897 1557 ,

49 1584 116 1629 er
136 1583 173 1616 rr
196 1580 356 1616 Aurunca
387 1568 620 1620 raurna‘rarn
652 1580 763 1619 uavrrr
796 1581 852 1615 aa·

47 1646 267 1694 moramur,
287 1647 398 1683 carrera
416 1640 638 1684 amrrvuro:
659 1649 782 1684 aarum
798 1646 853 1682 ua·

46 1719 110 1755 vro
129 1717 173 1752 ar
193 1714 308 1750 curua
327 1714 458 1760 avaro,
484 1715 547 1759 er
565 1718 602 1751 ru
617 1714 701 1750 rava
718 1711 867 1750 natatu·-

47 1788 89 1823 η
97 1786 119 1818 n
127 1786 138 1817 1
146 1783 198 1815 ur.
231 1767 291 1815 Duo
297 1768 414 1831 quidam,
429 1778 489 1816 c'um
498 1769 551 1818 iam
565 1770 652 1819 inaltc
660 1771 816 1833 navigarent,
826 1779 854 1818 et

47 1835 683 1897 cumeorumalteriuanaviaalteriuaonusesset,
691 1837 850 1901 naufragrun

49 1901 190 1973 quendam
197 1910 338 1965 natantem,
350 1913 375 1951 et
385 1903 526 1952 manus'ad
534 1921 561 1954 ae
574 1905 725 1956 tendentem
737 1903 854 1955 animad-

45 1964 853 2040 verteruntzmiaerioordiacomrnoti,navimadeumapplica·

48 2048 163 2093 verunt:
180 2039 317 2111 hominem
328 2038 362 2089 ad
370 2056 398 2089 aa
412 2039 581 2089 sustulerunt.
607 2039 699 2091 Postea
708 2036 857 2105 aliquanto,¹

48 2106 667 2177 ipsosquoqnetempeataavehementiuaiaetare
675 2111 853 2176 carpiturque
897 2130 903 2135 ·

49 2177 130 2234 adeo,
140 2185 169 2224 ut
181 2175 305 2225 dominus
313 2177 394 2235 navia,
408 2192 470 2224 cum
478 2173 557 2225 idem*
567 2178 726 2243 gubernator
740 2186 814 2233 esset,
827 2175 855 2223 iu

49 2244 179 2310 scapham
189 2244 350 2310 confugeret,
363 2244 459 2293 atinde
473 2244 601 2307 funiculo,
618 2247 663 2310 qui
673 2245 776 2311 apuppi
787 2243 851 2292 reli-

49 2321 132 2380 gatus
147 2313 272 2378 acapbam
286 2327 415 2367 annexam
427 2313 557 2373 trahebat,
578 2314 674 2375 navim,
695 2309 781 2376 quoad
794 2326 854 2378 poa·

50 2390 111 2441 aet,
134 2380 329 2442 moderaretur,
346 2382 393 2430 ille
410 2391 506 2445 autem,
517 2383 591 2432 cuiue
611 2396 711 2430 mercat
726 2388 808 2441 erant,
826 2379 855 2427 in

51 2445 179 2514 gladium
200 2447 299 2497 ibidem
316 2449 489 2499 incumberet.
524 2450 575 2499 Hic
595 2449 641 2499 ille
662 2447 803 2514 naufragus
819 2443 854 2495 ad

51 2516 268 2583 gubernaculum
283 2518 400 2579 accessit,
417 2526 442 2566 et
454 2517 523 2577 navi,
537 2515 624 2583 quoad
638 2518 731 2583 potuit,
745 2526 784 2565 eat
799 2515 856 2579 opi·

52 2584 168 2634 tulatus.
214 2583 318 2635 Sedatia
336 2593 423 2633 autem
435 2582 610 2644 fluctibuaet
629 2583 857 2652 tempestatssiam

56 2659 231 2714 commutata,
242 2653 316 2704 navia
329 2654 357 2702 in
363 2660 469 2721 portum
477 2653 637 2719 pervehitur.
645 2654 696 2705 llle
710 2661 804 2714 autam,
812 2649 858 2716 qui

579 2734 685 2800 Qt-
