2000 2975
37 61 51 91 l

15 321 17 334 l

784 108 807 134 f

278 110 411 193 ninus
446 140 657 211 ovsunvs
807 145 855 198 ιω

55 283 119 317 nem
132 269 305 333 perversione,
324 279 370 318 aut
384 267 578 316 transiectione.
608 262 778 334 *Perversione
797 268 851 318 sic:
873 313 875 316 ,

55 336 113 385 Hoc
132 333 207 385 vobis
230 334 293 383 deos
313 336 476 384 immortales
498 336 613 383 arbitror
632 334 734 385 dedisse
755 337 851 401 pietate

53 419 105 468 pro
123 414 216 460 vestra.
260 404 464 454 Transiectione.
477 401 527 449 hoe
548 402 643 450 modo:
678 402 852 451 Instabilisiu

53 471 136 518 istum
150 470 297 535 plurimum
314 470 421 519 fortuna
435 470 528 519 valuit.
561 470 643 536 Item:
667 470 768 519 Omnes
786 470 851 517 iuvi·

55 536 130 586 diose
150 537 246 602 eripuit
268 533 318 587 tibi
334 537 400 587 bene
412 536 518 586 vivendi
529 554 603 587 casus
617 537 776 596 facultates.
797 538 851 587 Hu·

15 655 17 660 ,
54 601 342 670 iuamodi;transieotio,
369 609 436 671 quae*
452 622 511 653 rem
524 621 577 652 non
593 604 684 653 reddit
698 604 847 663 obscuram,

55 674 172 725 multum
193 672 312 742 proderit
325 669 359 722 ad
382 674 598 732 continuationes,
624 672 657 720 de
675 672 771 736 quibus
789 685 849 719 ante

55 738 160 788 dictum
173 752 213 789 est
222 756 228 787 :
237 741 275 788 'iu
289 740 385 805 quibus
399 752 503 805 oportet
518 740 656 809 verbasint
671 740 705 787 ad
716 741 870 806 potitiorum„

54 806 189 873 quendam
202 819 334 856 exstructa
352 822 501 868 numerum,
519 820 550 856 nt
562 808 715 873 periecteet
735 808 850 875 perpoli·

54 875 111 925 tissi
140 892 154 921 e
171 877 273 939 possint
294 892 347 925 esso
364 874 512 926 absolutae.

111 890 253 990 1iiltlllil.
287 941 435 1005 Superlatio
455 951 493 989 est
510 941 594 989 oratio
614 959 737 1007 superans
756 935 851 991 verita⁸
877 983 878 986 ,

53 1018 116 1068 tem,
143 1009 258 1056 alicuius
274 1006 394 1072 augendi,
419 1007 587 1057 minuendive
606 1026 694 1057 causa.
726 1009 796 1058 Haeo
810 1028 851 1058 su·

15 1077 17 1114 :
55 1075 138 1124 mitur
154 1075 310 1139 separatim,
330 1087 380 1125 *aut
395 1090 456 1136 cum
465 1071 669 1142 comparatione.
698 1075 850 1141 ‘separatim

15 1143 17 1164 ⁵
48 1144 105 1191 sic:
125 1141 232 1206 Quodsi
245 1141 415 1191 consordiam
427 1141 608 1204 retinebimus,
626 1144 731 1207 imperii
748 1144 850 1207 magni·

54 1208 178 1260 tudinem
189 1211 252 1260 solis
268 1221 328 1259 ortu
336 1222 413 1274 atque
425 1226 522 1273 occasu
530 1213 689 1259 metiemur:
707 1227 769 1259 cum
778 1227 850 1259 com=

15 1317 16 1320 ,
55 1278 206 1343 paratione,
232 1288 277 1325 aut
292 1294 307 1324 a
321 1276 504 1337 similitudine,
514 1290 577 1327 ›aut
599 1274 783 1344 apraestantia
796 1277 853 1344 [sue

55 1346 167 1410 perlatio
182 1342 318 1409 sumitur}
349 1343 377 1393 A
389 1344 564 1394 similitudine
579 1347 632 1395 sica
651 1345 766 1411 Corpore
778 1348 849 1396 ni‘ve·

15 1411 17 1480 J
56 1427 102 1461 um
114 1410 265 1472 candorem,
283 1409 850 1479 aspectuigneumardoremassequebatur.

57 1477 80 1529 Α
94 1480 251 1546 praestantia
265 1477 314 1541 boo
330 1478 426 1544 modo:
445 1479 526 1530 Cuius
536 1499 581 1530 ore
595 1499 681 1531 sermo
694 1483 775 1545 melle
791 1482 850 1531 dut

58 1548 111 1595 cior
127 1547 281 1614 profluebat.
319 1546 360 1597 Ex
379 1547 473 1597 eodem
481 1541 584 1613 lg'enere
601 1550 654 1601 xhoc
673 1564 725 1600 est:
750 1553 852 1599 Tantus

59 1627 111 1682 erut
126 1616 151 1664 iu
163 1617 245 1680 armis
256 1614 389 1681 splendor,
412 1627 442 1665 ut
456 1618 519 1668 solis
542 1618 630 1682 fulgor
652 1616 789 1668 obscurior
811 1619 849 1668 vt=

60 1680 172 1733 deretur.
294 1695 298 1700 “
724 1682 726 1687 ’
863 1731 875 1748 ,

94 1770 101 1785 ³
122 1751 337 1812 intellectione
356 1768 418 1802 oum
430 1744 540 1802 res'tota
556 1770 636 1820 parva
656 1753 689 1802 de
711 1764 785 1818 parte
806 1769 850 1800 co·

61 1821 199 1882 gnoacitur,
219 1831 263 1869 ant
270 1818 305 1868 de
319 1831 376 1868 toto
391 1830 459 1885 pars.
493 1821 533 1870 De
547 1833 621 1885 parte
633 1831 721 1869 totum
727 1820 763 1868 sic
772 1819 849 1866 intel-

61 1885 163 1949 ligitur:
182 1886 242 1935 Non
257 1888 319 1936 illae
333 1898 360 1936 te
373 1888 503 1953 nuptiales
523 1888 604 1936 tibiae
616 1888 670 1937 eius
686 1878 850 1935 matrimonii

61 1952 281 2003 commonebant?
316 1954 387 2005 Nam
399 1955 441 2009 bic
455 1957 541 2004 omnis
557 1956 729 2017 sunctitnonia
747 1954 851 2019 nuptia¹

62 2036 119 2069 rum
138 2040 191 2072 uno
212 2023 287 2086 signu
311 2021 439 2071 tibiarum
458 2024 625 2088 intelligitur.
647 2023 687 2072 De
701 2035 759 2071 toto
773 2039 849 2087 pars3

62 2099 89 2135 ut
100 2091 121 2137 si
142 2091 200 2154 quis
212 2091 244 2150 ei,
266 2089 312 2154 qui
336 2092 460 2140 vestitum
479 2103 524 2140 aut
545 2103 669 2140 ornatum
685 2103 851 2140 sumtuosum
870 2104 874 2107 ’

27 2184 31 2189 -
63 2167 179 2217 ostentet,
198 2155 282 2205 dicat:
301 2157 423 2207 Ostentas
441 2157 508 2207 mihi
525 2158 637 2219 divitias,
663 2171 690 2208 et
709 2159 853 2223 locupletes

64 2224 146 2288 copias
159 2226 251 2286 iactas.
284 2220 328 2274 Ab
342 2226 483 2291 unoplura
504 2228 696 2291 intelliguntur,
722 2227 771 2274 hoc
794 2241 851 2271 mo:

63 2287 110 2338 do:
145 2289 232 2339 Poeno
244 2292 294 2340 suit
314 2292 442 2357 Hispanus
462 2296 568 2351 auxilio,
592 2295 643 2345 fuit
665 2294 789 2342 immanis
804 2294 851 2341 ille

64 2356 262 2424 Transalpinos:
281 2360 309 2408 in
322 2359 398 2408 Italia
410 2361 529 2426 ‚quoque
547 2360 620 2422 idem
634 2377 766 2409 nonnemo
779 2373 852 2425 toga·

35 2460 39 2467 -
65 2434 103 2474 tus
122 2428 210 2477 sensit.
233 2424 258 2475 A
270 2427 390 2491 pluribus
411 2444 495 2477 unum
515 2430 551 2478 sic
571 2430 745 2493 intelligitur:
766 2427 852 2477 Atrox

66 2494 197 2547 calamitas
209 2504 316 2557 pectora
328 2511 446 2544 moerore
459 2496 590 2560 pulsabat.
622 2497 713 2562 Itaque
729 2496 852 2543 anhelans

67 2562 96 2606 'ex
108 2561 167 2610 imis
181 2561 353 2626 pulmonibus
364 2579 425 2630 prae
440 2576 501 2612 cura
509 2561 852 2630 spiritusducebatur.Na1n

50 2625 90 2679 ,in
102 2628 279 2695 superioribus
294 2630 383 2698 plures
396 2631 514 2713 Hispani,
532 2644 558 2682 tt
571 2631 653 2695 Galli,
671 2643 697 2681 et
711 2628 855 2696 togatulos

216 2827 232 2854 Ι
