2000 2975
188 153 220 208 γ
270 137 675 196 transsumuntu-
734 121 738 124 ’
820 157 866 196 tut

57 268 110 329 rei,
131 274 179 317 airt
190 264 306 316 bomini
318 277 424 316 eausam
438 266 568 326 attribuit,
587 284 652 332 quae
665 266 870 317 uoluntatitsuas

59 335 146 391 fuerit
167 334 370 398 impedimento,
397 336 452 383 sine
470 335 645 384 concessionis
658 336 790 398 partibus3
807 351 870 385 nam

58 419 157 452 emim
177 404 262 452 maior
285 403 414 468 quaedam
432 404 470 452 ris
483 414 537 462 est3
558 402 629 467 quod
641 404 732 466 paullo
752 415 811 466 post
831 404 869 451 in·

59 471 214 534 teiligetur:
240 471 267 519 in
280 469 331 520 hoe
355 483 443 519 autern
461 487 515 524 non
537 477 657 519 recusare
677 472 799 531 aiterum,
817 465 867 520 ned

59 539 173 602 cuipam
193 538 318 588 inultum
340 538 481 589 transferre
503 536 592 598 debet,
617 538 663 587 sesi
677 537 866 598 demonstrare,

59 623 124 655 eam
139 622 200 653 rem
213 605 327 676 nibilad
350 623 385 666 se,
404 605 535 671 nequead
553 618 719 670 potestatem,
737 604 869 670 nequead
893 639 903 651 t

60 673 183 723 officium
198 689 275 722 sunm
286 675 441 738 pertinuisse
456 686 501 724 aut
507 676 647 741 pertinere.
680 672 767 738 Atque
781 673 868 740 inlice

60 757 160 808 genere
173 741 224 789 hoc
237 740 335 789 accidit
353 744 423 801 novi,
442 743 515 807 quod
527 753 663 792 aceruatos*
676 759 781 807 qnoque
791 757 867 806 saepe

63 825 98 858 ex
112 810 260 858 remotione
274 810 485 858 criminationem
500 811 614 859 coniicit.
648 809 693 869 Ut,
712 811 734 858 si
741 811 799 874 quis
807 825 869 858 eum

18 877 20 886 ‘
62 888 179 935 accuset,
205 879 257 940 qui,
276 893 337 925 cum
354 889 459 942 praetor
478 889 554 940 esset,
579 879 607 925 in
624 875 817 939 expeditionem
832 875 867 925 ad

66 946 287 1007 srnrapopulum
300 945 408 1005 vocarit,
427 960 489 993 eum
501 944 622 994 eonsules
636 942 764 992 adessent.
799 943 869 993 Nam

62 1023 94 1062 ut
107 1013 136 1060 in
151 1013 285 1075 superiore
296 1012 415 1076 exemplo
428 1029 489 1061 rens
500 1012 534 1061 ab
551 1027 597 1061 suo
608 1012 695 1060 officio
707 1023 733 1059 et
746 1029 813 1060 nsua
821 1027 868 1075 po·

63 1079 160 1136 testate
176 1080 277 1129 iactum
300 1079 472 1128 demerebat:
492 1081 531 1129 sic
544 1081 571 1129 in
587 1079 637 1128 boe
649 1079 682 1127 ab
705 1081 760 1129 eius
778 1079 867 1132 oiticio

65 1164 98 1196 ac
113 1158 252 1212 potestate,
279 1148 324 1213 qui
336 1158 480 1208 nectimur,
504 1148 559 1213 ipse
572 1158 706 1197 aceruatos·
720 1147 867 1196 facttunre·

62 1214 206 1275 movendo,
231 1216 280 1263 hac
301 1217 356 1280 ipsu
376 1216 477 1284 ratione
497 1216 634 1264 confirmat
663 1216 866 1266 accusationem.

63 1281 162 1332 Inbue
179 1282 212 1331 ab
233 1294 345 1348 utroque
359 1300 391 1332 ex
403 1283 528 1333 omnibus
545 1282 688 1333 honestatis
703 1294 730 1329 et
742 1282 872 1332 utilitatis

64 1349 195 1415 partibus,
221 1351 356 1414 exemptis,
381 1352 470 1415 signis,
495 1348 686 1410 ratiocinando,
705 1348 866 1415 quidcnius·

66 1435 117 1483 que
131 1418 220 1476 officii,
243 1419 315 1477 iuris,
339 1419 477 1482 potestatis
491 1420 534 1477 sit,
561 1419 651 1483 qstacri
675 1417 817 1481 oportebit,
839 1417 888 1466 et'

66 1488 179 1536 fueritne
196 1488 228 1548 ei,
248 1484 344 1552 quode
359 1488 452 1550 agitur,
478 1487 508 1536 id
520 1488 593 1547 iuris,
618 1485 710 1545 officii,
731 1487 867 1549 potestatis

66 1553 234 1614 attributum,
257 1568 346 1604 necue.
381 1553 465 1605 Locos
483 1567 572 1603 autem
591 1570 745 1603 communes
763 1571 795 1603 ex
812 1555 867 1618 ipsa
922 1612 929 1621 ,

66 1638 113 1683 res
123 1623 146 1670 si
160 1622 225 1687 quid
240 1621 429 1687 indignationis
441 1639 471 1672 ac
486 1623 680 1688 conquestionis
694 1620 810 1684 habebit,
824 1639 867 1671 su·

66 1692 106 1738 mi
125 1688 267 1753 oportebit.
374 1680 380 1709 ‘

138 1756 237 1806 uxr.
280 1756 422 1809 Concessio
443 1768 492 1817 est,
526 1773 574 1821 per
594 1771 674 1821 quani
691 1755 866 1806 nonfurtum

68 1825 155 1890 ipsum
168 1825 295 1887 probatur
320 1826 353 1876 ab
362 1842 427 1875 reo:
452 1825 499 1875 sed
514 1838 545 1874 ut
566 1826 723 1889 ignoscatur,
749 1821 777 1871 id
798 1823 866 1887 peti·

68 1904 121 1942 tur.
156 1891 237 1941 Cuius
255 1904 342 1958 partes
362 1905 423 1943 suut
442 1892 518 1954 dune,
535 1893 656 1957 purgatio
668 1901 694 1939 et
708 1889 866 1954 deprecatio.

69 1957 195 2024 Purgatio
215 1970 262 2020 est,
279 1976 325 2024 per
347 1978 426 2025 quarn
445 1963 508 2020 eius,
526 1962 572 2025 qui
591 1969 736 2017 accusatur,
760 1975 814 2006 non
827 1957 865 2007 sa·
934 2006 938 2011 ,

70 2039 143 2077 ctum
156 2028 250 2094 ipsum,
269 2028 314 2078 sed
328 2030 449 2078 voluntas
463 2026 624 2078 defenditur.
659 2026 696 2074 Ee
713 2025 794 2075 hahet
805 2041 865 2089 par·

68 2106 109 2144 tes
120 2107 179 2156 tres,
197 2097 411 2161 imprudentiam,
423 2112 528 2156 casum,
551 2093 779 2144 necessitudinem.
811 2093 866 2142 1111·

69 2162 207 2228 prudentia
223 2176 270 2226 est,
287 2180 349 2214 curn
362 2165 440 2231 seiae
457 2162 556 2228 aliquid
567 2165 598 2223 is,
616 2163 662 2228 qui
681 2161 807 2225 arguitur,
820 2177 865 2208 ne·

71 2242 160 2295 guture
175 2243 204 2281 nt
220 2232 290 2296 apud
303 2230 432 2298 quosdam
449 2233 492 2281 lex
509 2244 575 2291 erat,
591 2231 633 2281 Ne
642 2229 702 2294 quis
715 2228 816 2289 Dianae
827 2227 866 2278 ri-

72 2299 156 2348 tulum
169 2301 327 2351 immolaret.
361 2300 460 2348 Nautae
471 2298 589 2363 quidam,
608 2314 670 2346 snm
684 2295 791 2345 adversa
799 2306 864 2343 tem·

71 2377 169 2430 pestate
186 2368 213 2417 in
224 2368 452 2426 attenuarentur,
470 2378 605 2426 sormunt,
623 2366 645 2414 si
652 2374 864 2431 euportn,·qnesn

71 2434 270 2497 conspiciebant,
294 2435 374 2501 potiti
389 2445 483 2490 essem,
507 2435 531 2482 ei
549 2433 609 2493 deo,
630 2430 675 2497 qui
686 2429 728 2481 ibi
744 2442 819 2489 esset,
836 2446 864 2479 se

72 2502 182 2550 titulum
202 2501 392 2550 immolaturos.
434 2499 501 2548 Casu
521 2502 617 2549 eratin
636 2516 667 2548 eo
681 2511 759 2562 portu
773 2498 864 2546 fanum

73 2569 168 2618 Dianae
186 2569 249 2629 eius,
268 2568 310 2619 cui
330 2568 444 2615 vitulum
458 2567 591 2617 immolari
603 2583 657 2616 non
669 2564 775 2617 fluebat.
808 2563 864 2613 Im·

73 2633 210 2721 prudentes
223 2635 297 2700 legis,
316 2649 379 2684 cum
390 2635 513 2698 exissent,
529 2636 645 2686 situlum
651 2632 866 2685 immolaverunt.
