2000 2975
136 201 153 255 ⁶
291 241 298 252 x
346 204 408 264 ,sn
432 204 705 272 trranuutvss

133 344 195 397 pem
205 343 310 405 eausam
321 319 461 390 lsabemus,
479 329 534 380 hoc.
546 340 594 391 est,
612 345 673 380 cum
690 331 745 396 ipsa
757 347 799 380 res
814 329 933 380 animum

135 397 262 448 auditoris
279 416 294 446 a
306 397 383 446 nobis
405 398 515 461 alienat,
534 410 580 448 aut
595 415 657 449 cum
681 400 783 448 animus
805 397 934 447 auditoris

134 477 270 533 persuasus
291 465 396 516 videtur
415 483 469 516 esse
491 466 588 526 abiis,
605 468 650 531 qui
669 479 727 515 ante
751 476 843 515 eontra
861 459 939 514 dixe-⁴

135 546 213 596 [πυτς
231 544 343 584 autcum
351 532 515 592 defcseusest
528 552 572 584 eos
586 533 725 594 audiendo,
733 535 778 599 qui
793 546 852 584 onte
861 532 934 581 dixe·

134 614 206 654 ruat.
243 601 274 652 si
285 620 361 652 causa
380 602 572 668 turpitudinem
587 602 713 662 habebit,
730 601 844 650 exordiri
860 612 934 667 pote·

97 697 103 704 -
135 667 218 738 tiJuus
234 669 275 720 his
287 670 445 720 rationibus:
465 681 538 732 rem,
556 670 772 731 non‘hominem3
791 679 836 718 aut
850 665 944 717 homi-⁵

134 754 204 798 nem,
222 755 276 788 non
288 755 346 786 rem
368 739 480 804 spectari
505 751 640 805 oportere:
659 756 711 786 non
732 738 836 804 placere
858 735 935 786 uobis

121 806 207 873 ipsis,
226 823 291 871 quae
302 805 373 855 facta
381 806 505 856 dicantur
520 806 552 856 ab
567 805 739 865 adversariis,
753 819 781 855 et
795 821 851 855 esse
868 801 937 856 indi·

154 891 194 934 na,
213 885 257 923 aut
268 869 375 923 nefaria.
392 873 495 925 Deinde
513 872 633 924 cumdio
647 890 704 923 rem
721 875 878 933 auxerimus,
896 873 935 921 ni·

135 889 173 1002 iil
186 942 271 1006 simile
289 961 303 990 a
318 942 395 992 nobis
408 942 509 993 factum
524 941 710 1005 ostendemus;
728 954 773 991 aut
788 942 938 1006 aliquorum

135 1008 262 1059 iudicium
271 1009 303 1060 de
318 1009 399 1060 simili
413 1028 498 1073 causa,
512 1024 556 1062 aut
564 1010 597 1062 de
614 1010 714 1071 eadem,
730 1022 774 1059 aut
783 1008 816 1059 de
825 1009 935 1068 minore,

136 1077 221 1130 sutde
231 1078 329 1127 maiore
339 1079 512 1144 proferemus.
530 1079 632 1129 Deinde
651 1078 684 1129 ad
698 1090 815 1128 nostram
831 1091 936 1126 ceruam
956 1121 959 1124 ,

133 1144 297 1211 pedetentim
311 1146 480 1208 accedemus,
499 1158 526 1196 et
539 1146 742 1196 similitudinem
764 1145 937 1194 conferemus.

82 1219 87 1222 “
136 1213 205 1266 Item
220 1213 424 1279 sinegabimus,
442 1232 490 1263 nos
505 1212 538 1263 de
546 1213 709 1272 adversariis,
717 1224 762 1260 ent
768 1211 895 1276 dealiqua
909 1227 937 1259 re

134 1280 261 1342 dicturos,
275 1294 396 1332 ettamen
408 1282 512 1332 occulte
527 1279 644 1330 dicemus
656 1279 835 1327 interiectione
843 1278 937 1327 verbo·

135 1349 240 1400 tunsi
249 1364 385 1416 persuasus
392 1349 496 1400 auditor
503 1347 592 1407 fuerit,
602 1346 630 1395 id
639 1357 687 1403 est,
696 1346 718 1393 si
725 1345 810 1393 oratio
816 1342 937 1395 adversa·

88 1447 94 1454 =
134 1418 237 1467 alorum
258 1416 420 1467 auditoribus
439 1416 523 1465 fidem
544 1414 649 1464 fecerit:
676 1411 768 1478 (neque
790 1413 861 1462 enim
882 1430 936 1462 non

82 1497 85 1502 “
136 1471 213 1536 facile
226 1487 292 1536 scire
299 1487 456 1600 poterimus,
473 1483 598 1548 quoniam
605 1501 657 1533 uon
669 1498 760 1531 sumus
772 1482 860 1543 nescii,
878 1482 935 1547 qui·

135 1553 269 1604 buarebus
282 1554 298 1601 ti
319 1569 345 1601 es
357 1553 412 1601 fieri
424 1551 508 1600 soleat
515 1549 532 1616 ε)
550 1568 612 1616 ergo
627 1551 648 1600 si
659 1550 739 1599 fidem
751 1551 851 1599 factam
860 1562 935 1616 puta·

87 1652 90 1660 ι
135 1621 231 1681 bimus,
248 1620 289 1668 his
301 1636 348 1668 noa
360 1619 439 1669 rebus
448 1618 640 1668 insinuabimus
651 1617 685 1668 ad
696 1634 816 1668 causam:
839 1616 872 1666 de
895 1634 935 1678 eo,
998 1662 999 1667 ,

136 1687 208 1755 quod
225 1686 365 1737 adversarii
377 1686 558 1751 firmissimum
570 1686 621 1736 sihi
633 1686 814 1737 adiumentum
829 1682 937 1749 putare·
997 1702 999 1712 ⁴

135 1758 198 1817 rint,
211 1756 327 1822 primum
338 1764 385 1803 nos
397 1753 514 1804 dicturos
525 1755 726 1821 pollicebimur3
741 1764 785 1801 aut
797 1750 829 1801 ab
843 1749 936 1799 adver·
997 1772 999 1817 r

137 1825 199 1876 sarii
216 1822 288 1871 dicto
310 1821 491 1882 exordiemur,
510 1835 536 1873 et
555 1822 587 1873 ab
605 1840 636 1873 eo
651 1822 779 1881 maxime,
797 1817 868 1885 quod
888 1817 935 1867 ille
998 1879 999 1883 Ἰ

117 1886 398 1957 'nuperrimedixerit3
415 1903 459 1941 aut
474 1889 638 1945 dubitatione
649 1903 761 1951 utemur,
778 1886 842 1954 quid
855 1887 937 1952 potis=

135 1961 233 2011 simum
245 1957 380 2018 dicamus,
398 1970 443 2008 aut
455 1960 497 2006 cui
510 1959 569 2007 loco
588 1960 705 2024 primum
722 1953 937 2021 respondeamus,

135 2044 197 2079 eum
208 2024 390 2081 admiratione.
426 2025 455 2074 si
466 2024 562 2074 defessi
580 2035 657 2074 erunt
667 2022 821 2085 audiend03
838 2021 871 2070 al's
888 2022 936 2071 ali=

81 2089 91 2099 ⁶
135 2089 937 2162 qnare,quaerisummorerepossiuexordiemurabapologo,

135 2180 151 2215 s
164 2162 252 2212 fabula
265 2160 568 2221 verisimili,imitatione,
576 2157 769 2225 depravatione,
780 2160 936 2219 inversione,

75 2275 79 2281 .
137 2230 268 2296 ambiguo,
281 2228 435 2294 suspicione,
447 2228 575 2287 irrisione,
588 2228 710 2288 stultitia,
728 2228 935 2292 exsuperatione,

130 2296 603 2357 collatione,litterarommutatione;
615 2308 747 2361 praeterea
763 2294 935 2361 exspectatio·
997 2330 998 2337 ,

95 2378 105 2395 ⁸
136 2384 184 2428 ne,
218 2363 405 2424 similitudine,
423 2365 558 2425 novitate,
572 2363 695 2424 historia,
718 2380 811 2423 versu,
835 2371 880 2410 aut
898 2359 934 2409 ab
997 2372 998 2377 ’

136 2435 245 2493 elicuius
253 2433 469 2499 interpellatione,
486 2443 533 2485 aut
543 2432 686 2492 arrisione;
703 2441 729 2480 et
744 2430 766 2478 si
784 2428 935 2495 promiseri·

136 2516 203 2564 mus,
220 2503 304 2563 aliter,
323 2519 353 2552 ac
362 2502 447 2567 parati
459 2500 594 2561 fuerimus,
613 2516 659 2549 nos
670 2516 725 2547 esse
734 2495 866 2556 dicturos3
883 2512 946 2544 nos·

134 2587 189 2623 nou
195 2570 288 2621 eodem
294 2567 383 2630 modo,
390 2582 420 2620 ut
427 2570 506 2620 ceteri
513 2568 622 2629 soleant,
633 2565 713 2616 verba
727 2565 843 2612 facturos
851 2583 857 2626 ;
866 2562 934 2629 quid

69 2702 100 2723 Γ
135 2638 181 2688 alii
195 2639 311 2709 soleant,
326 2637 393 2707 quid
412 2636 567 2690 nosfecturi
577 2636 675 2697 simus,
692 2631 807 2683 breviter
815 2647 934 2697 expone·
995 2664 997 2674 «

133 2722 203 2762 mus.
996 2710 997 2721 ¹
