2000 2975
144 167 192 219 ωε
380 163 718 232 innnnnnurru

143 310 196 356 ma,
214 305 257 342 ant
281 292 410 354 industris
427 293 545 344 dicemus
565 296 714 361 egregium:
734 293 815 363 qaod,
834 289 872 345 ne'
884 312 928 361 qna

121 366 125 375 ’
144 362 304 426 significatur
316 380 440 428 arrogans
454 364 603 420 ostentatio,
617 360 781 413 deminuitur
789 376 815 412 et
822 375 929 411 attenua·

75 433 79 442 '
145 443 187 479 tur
195 430 320 490 oratioue,
335 430 387 478 hoc
395 430 491 480 modo:
509 427 578 477 Nam
590 428 639 490 hoc
652 448 700 491 pro
716 432 851 488 meoiurc,
869 428 930 480 tudi-

145 511 196 557 ces,
211 496 279 557 dico,
290 513 335 547 me
346 497 437 546 labore
451 507 477 545 et
496 494 624 544 industria
644 510 755 554 curasse,
772 507 802 544 ut
819 491 930 559 discipli
968 510 970 513 ·

122 599 128 603 -
143 580 206 613 nam
221 561 364 615 militarem'
375 565 465 614 nonin
480 562 622 629 postremis
635 573 762 611 tenerem·
780 559 830 611 Hit
843 563 865 609 si
879 563 931 626 quit
967 558 970 565 ¹

93 679 95 686 ,
145 631 262 692 dixisset,
274 644 304 680 ut
318 634 416 698 optime
430 643 555 690 tenorem,
575 629 680 678 tametsi
694 647 753 679 vere
767 628 886 689 dixisset,
898 642 931 678 ta·
964 655 968 668 ·

118 715 124 726 ¹
143 715 205 748 men
222 716 345 764 arrogans
359 700 428 749 visus
445 710 520 747 esset.
538 697 614 746 Nunc
628 710 654 745 et
667 695 700 745 ad
716 696 844 747 invidiam
855 698 930 764 vitan=

145 763 225 829 dam,
245 779 272 815 et
289 766 324 815 ad
342 765 447 817 laudem
472 763 679 831 comparandam
694 767 757 832 satis
771 764 874 813 tlictum
887 777 931 822 est.

141 835 227 888 Item:
243 834 345 884 Utrum
358 835 439 900 igitur
452 835 573 883 avaritiae
585 849 661 882 causa
673 851 706 881 an
719 833 841 899 egestatis
853 827 931 894 accei-¹

144 893 178 951 sit
191 900 225 950 ad
242 898 422 968 maleficium?
439 896 601 951 Avaritiae?
614 912 641 949 at
658 901 821 966 largissimus
841 901 891 949 suit
906 901 930 948 in

144 970 255 1030 amicos,
275 969 346 1035 quod
364 972 468 1035 signum
485 969 654 1017 liberalitatis
671 981 803 1033 est,„quae
821 981 861 1017 est
876 985 931 1016 con·
979 971 981 1014 Ε

143 1038 221 1088 traria
230 1039 363 1088 avaritiae.
378 1034 531 1103 Egestatis?
548 1036 649 1095 at'hnic,
663 1034 771 1102 quidem
778 1048 852 1101 pater
867 1036 931 1102 (uolo
981 1071 982 1074 η

143 1106 256 1159 sunium
275 1103 372 1171 dicere)
389 1123 442 1156 non
461 1105 647 1154 tenuissimum
666 1105 857 1169 patrimonium
875 1103 929 1151 reli·
982 1151 983 1160 ,

144 1174 210 1238 quit.
244 1173 293 1222 Hic
307 1190 410 1240 qnoque
419 1173 535 1237 ‘vitatum
544 1185 591 1230 est,
607 1189 639 1220 ne
652 1187 777 1236 magnum
796 1182 841 1219 aut
854 1171 931 1220 masi·

144 1256 219 1290 mum
232 1238 372 1298 diceretur.
390 1240 447 1289 Hoc
461 1241 544 1305 igitur
556 1241 584 1287 iu
590 1240 696 1304 nostris,
710 1250 753 1287 ant
762 1255 930 1304 corumquos
983 1237 984 1242 ’

128 1305 329 1371 defendemus,
348 1309 459 1373 egregiis
479 1306 626 1356 commodis
640 1306 803 1374 proferendis
818 1306 931 1371 observa·

144 1374 241 1426 bimus.
267 1372 479 1428 Nuneiusmodi
493 1393 535 1425 res
552 1386 578 1423 et
593 1374 719 1423 invidiam
737 1373 895 1423 contrahunt
908 1374 932 1421 in
985 1387 986 1437 ζ

144 1441 206 1505 vita,
225 1454 252 1492 et
269 1427 364 1503 odium
378 1439 559 1505 moratione,
580 1444 602 1492 si
620 1441 811 1495 inconsiderate
832 1443 933 1492 tractes.¹

144 1509 247 1574 Quare,
264 1510 496 1577 ¹quemadmodum
520 1512 622 1561 ratione
643 1513 674 1560 in
699 1509 810 1561 virendo
837 1508 933 1576 sugitur
986 1516 987 1521 ’

141 1576 252 1653 invidia,
271 1578 355 1629 sicin
374 1578 497 1641 dicendo,
515 1574 625 1646 consilio
645 1581 742 1630 vitatur
760 1577 862 1641 odjum.

91 1682 104 1699 .
209 1642 334 1703 XXXIX
367 1646 517 1713 Descriptio
529 1649 688 1713 nominatur,
702 1664 767 1711 quae
777 1662 868 1695 rerum
877 1662 932 1713 con·

141 1717 438 1785 sequentiumicontinet
447 1718 613 1784 perspicuam
621 1728 647 1764 et
656 1712 802 1763 dilucidam
811 1730 874 1764 eum
880 1730 932 1778 gra·

143 1782 223 1831 vitate
241 1784 444 1849 expositionem,
462 1783 513 1832 hoc
531 1782 627 1835 modo:
649 1781 753 1849 Quodsi
764 1780 933 1848 ISIOEQIUffi·

143 1867 194 1912 eos,
212 1851 304 1914 pestrIs
321 1853 458 1907 sententiis
472 1851 676 1911 liberaveritis,⁴
686 1851 777 1899 statim
788 1851 858 1899 sicin
871 1869 884 1899 e
896 1866 933 1898 ca·

26 1960 30 1965 .
105 1914 111 1973 s
143 1935 188 1967 vea
203 1919 246 1968 leo
256 1920 360 1981 missus,
378 1932 423 1969 aut
440 1918 535 1986 aliqua¹
542 1920 691 1969 taeterrima
702 1918 793 1968 bellua
809 1910 895 1967 soluta
906 1933 934 1965 ex
953 1966 957 1972 ,

143 1986 250 2049 eatenis,
263 1987 387 2045 yolitabit
401 1999 429 2037 et
444 1986 583 2052 vagabitur
603 1989 630 2035 in
649 1987 716 2049 foro,
735 1982 934 2035 acuens‘dentes

143 2055 251 2115 multos,
269 2056 296 2104 iu
314 2056 439 2119 cuiusque
457 2054 585 2115 fortunas,
599 2055 626 2102 in
641 2071 732 2105 omnes
744 2050 843 2102 amicos
859 2066 934 2119 atque

143 2122 272 2184 inimicos,
289 2133 366 2171 notos
383 2134 462 2186 atque
480 2124 585 2187 ignotos
600 2124 749 2182 incursans,
768 2123 882 2177 aliorum
899 2121 935 2177 la·

143 2205 215 2238 mam
229 2189 395 2256 depeculans,
407 2191 520 2239 aliorum
538 2204 616 2256 caput
634 2208 802 2257 oppugnans,
822 2190 935 2238 aliorum

144 2254 252 2305 domrun
270 2268 347 2321 atque
366 2272 474 2306 omnem
492 2257 622 2307 familiam
636 2257 814 2324 perfringens,
832 2273 935 2322 rempu-

144 2322 243 2373 blicam
260 2322 567 2376 sundituslabesactans.
602 2326 697 2388 Quare,
716 2324 823 2384 iudices,
850 2325 936 2372 eiicite

143 2407 210 2461 eumx
222 2390 253 2440 de
272 2393 386 2457 civitate,
404 2392 514 2444 liberate
525 2413 616 2444 omnes
629 2393 785 2456 formidine5
804 2390 879 2443 vobis
894 2389 938 2440 de·

141 2459 220 2524 nique
238 2460 300 2525 ipsis
318 2463 453 2514 consulite.
471 2463 542 2512 Nam
559 2465 580 2513 si
598 2465 679 2512 istum
690 2463 853 2527 impunitum
861 2458 938 2527 diini·

71 2590 75 2591 ⁷
142 2527 236 2590 seritis,
251 2529 277 2576 in
288 2544 390 2580 vosmet
405 2532 482 2597 ipsos,
501 2530 567 2579 mihi
580 2529 687 2591 credite,
706 2531 790 2579 seram
807 2543 837 2593 et,
849 2543 938 2586 trucu-

142 2597 244 2649 lentam
260 2595 374 2649 hestiom
390 2599 561 2651 immiseritis
595 2599 680 2648 Item:
704 2598 773 2661 Nam
791 2599 812 2646 si
831 2595 863 2646 de
878 2598 937 2657 hoc,

142 2656 251 2732 iudices,
263 2681 374 2734 grarem
385 2667 543 2733 sententiam
556 2667 679 2731 tuleritis,
686 2665 849 2731 uuoiudicio
859 2666 939 2721 simrd
