2000 2975
165 167 196 219 st
385 165 446 218 an
477 133 777 246 unaeuutvu-

127 284 131 289 ’
163 292 274 360 remotio
290 291 430 352 ‘crinrlnim
464 292 603 342 translatio
626 291 759 352 criminis,
791 295 968 358 comparatio.

88 379 93 384 ·
164 359 304 408 Concessio
316 374 363 421 est,
381 378 443 410 cum
453 377 513 410 reus
543 359 641 409 ustulat
653 359 702 407 sibi
715 360 823 424 ignosci.
843 361 883 409 Ea
898 362 967 411 divi.

164 427 236 493 ditur
250 427 277 475 iu
291 429 474 494 purgationem
491 380 745 493 etdepmcationem.
779 426 907 493 Purgatio
918 444 967 491 est,

163 511 225 543 cum
241 496 361 544 consulto
379 515 405 546 se
423 508 500 562 negat
518 513 578 546 reus
597 496 696 544 secisse.
727 495 770 543 *Ea
788 494 921 545 dividitur
940 500 968 547 in

85 615 100 622 ,
164 563 306 623 fortunam,
326 562 541 631 imprudentiam,
555 565 752 619 necessitatem:
770 564 919 624 fortunam,
937 578 968 615 ut

165 629 262 695 Ca'epio
277 627 310 679 ad
320 633 443 686 tribunos
457 621 543 699 plebis
556 631 588 680 de
601 625 739 680 amissione
751 632 896 681 exercitus:
917 635 968 682 ime

163 694 343 765 prudentiam,
362 713 393 749 ut
410 701 470 762 ille,
489 702 534 767 qui
552 699 585 748 de
603 716 633 748 eo
653 700 740 761 servo,
760 699 804 764 qui
825 699 970 750 dominum

164 765 309 826 occiderat,
328 769 487 834 supplicium
506 768 611 828 sumsit,
630 767 673 815 cui
692 767 772 815 frater
793 778 874 828 esset,
893 781 969 818 antes

106 845 122 867 ⁸
163 849 243 899 quam
255 833 358 883 tabulas
368 838 521 885 testamenti
533 836 647 902 aperuit,
661 835 729 883 ‘cum
737 836 759 883 is
772 851 859 884 servus
868 829 969 894 ‘nra‘nm

163 901 258 951 missus
271 910 428 953 testamento
445 901 525 953 esset}
544 901 778 963 necessitudinem,
796 914 826 951 nt
839 902 901 962 ille,
923 906 969 970 qui

95 1025 109 1038 ,x
164 970 198 1019 ad
211 969 282 1019 diem
293 984 454 1022 commeatus
465 990 519 1022 uon
530 973 615 1031 venit,
634 970 704 1035 quod
717 987 778 1019 eum
790 988 871 1036 aquae
883 972 970 1021 inter·

164 1038 309 1090 elusissent.
343 1040 560 1107 Deprecatioest,
578 1050 795 1105 cumetpeccasse
807 1039 848 1098 se',
864 1050 889 1087 et
902 1057 970 1089 con·

165 1108 234 1155 sulto
245 1107 336 1156 fecisse
346 1126 406 1158 reus
423 1110 576 1170 confitetur,
593 1120 620 1157 et
631 1119 719 1156 tamen
730 1107 861 1171 postulat,
878 1119 919 1163 ut
927 1110 970 1160 sui
993 1163 998 1170 ,

164 1176 342 1228 misereantur.
377 1176 434 1224 Hoc
440 1175 468 1225 in
474 1176 572 1223 iudicio
583 1176 636 1223 sere
648 1191 706 1221 non
712 1186 799 1237 potest
805 1177 970 1237 usuvenire3

101 1269 104 1271 v
164 1243 228 1303 nisi,
246 1241 353 1305 quaudo
363 1259 411 1306 pro
425 1259 456 1290 eo
473 1242 598 1300 dicimus,
617 1242 690 1287 cuius
705 1241 876 1304 nrultarecte
895 1244 969 1292 facts

117 1319 123 1332 '
164 1320 299 1368 constant,
316 1308 366 1357 hoc
379 1308 461 1357 modo
482 1310 510 1357 in
527 1309 586 1356 loco
607 1307 740 1357 communi
757 1317 803 1371 per
819 1311 969 1372 amplifica·

164 1378 263 1424 tionem
275 1376 433 1425 iniicictnus:
453 1376 542 1441 Quod-
551 1376 571 1423 si
585 1374 634 1422 hoc
650 1374 761 1433 iecisset,
779 1377 869 1423 tamen
880 1378 905 1424 ei
918 1395 970 1444 pro

110 1459 114 1466 ’
162 1441 281 1510 pristinis
292 1443 424 1494 beneficiis
437 1444 538 1510 ignosci
548 1442 711 1497 conveniret:
725 1455 818 1493 terum
828 1439 906 1493 'nihil
920 1463 970 1513 po·

43 1522 45 1525 '
72 1562 74 1571 ,
113 1544 116 1547 -
161 1512 243 1561 stulat
256 1513 363 1577 ignosci.
398 1511 649 1579 Ergoiniudicium
663 1511 817 1559 nourenit:
836 1516 865 1561 at'
878 1513 908 1560 in
928 1533 969 1563 so·

163 1591 269 1640 natum,
296 1591 340 1628 aut
363 1593 423 1629 ante
446 1582 632 1648 imperatorem
652 1580 722 1628 etin
741 1580 880 1628 consilium
899 1584 968 1633 talis

164 1663 242 1696 causa
250 1659 336 1712 potest
349 1649 444 1698 tenire.
490 1669 507 1693 r
856 1652 860 1653 ’

161 1726 183 1775 ἢ
231 1714 297 1766 XV?
324 1715 541 1769 Extranslatione
550 1717 667 1765 criminis
675 1722 750 1764 causa
764 1720 877 1769 constat,
897 1728 970 1764 cum

160 1780 253 1832 'fecisse
262 1783 312 1833 uos
323 1801 377 1833 non
386 1803 527 1851 negamus,
544 1784 589 1835 sed
602 1786 714 1833 aliorum
725 1780 835 1847 peccatIs
855 1791 968 1831 coaetos

161 1851 253 1900 secisse
265 1851 392 1902 dicimus:
409 1865 440 1902 ut
448 1853 565 1914 Orestes,
572 1870 632 1902 cum
641 1871 667 1900 se
676 1847 803 1906 defendit,
809 1848 836 1894 in
848 1858 967 1898 matrem

162 1920 265 1984 confert
278 1922 387 1969 crimen.
420 1920 462 1969 Ex
473 1923 618 1970 remotione
632 1918 749 1967 criminis
761 1933 836 1963 causa
849 1927 967 1977 cunstat,

162 1998 224 2033 cum
234 1984 391 2035 anobisnon
398 1987 512 2044 crimen,
532 1986 578 2034 sed
589 1986 694 2049 culpam
705 1985 789 2046 ipsam
801 1997 966 2045 amovemus,

160 2064 189 2100 ‘et
201 2054 243 2102 vel
253 2052 423 2103 inhominem
430 2053 628 2109 transferImus,
643 2051 685 2099 vel
699 2050 726 2096 in
739 2064 796 2096 rem
808 2051 967 2114 quampiam

162 2121 329 2170 conserimus.
364 2120 395 2168 In
406 2117 541 2167 hominem
552 2118 721 2167 transfertur:
741 2127 771 2164 ut
786 2117 812 2164 si'
824 2120 969 2168 accusetur

162 2187 198 2249 is,
218 2188 263 2252 qui
275 2186 304 2236 P.
323 2186 471 2253 Sulpicium
485 2174 511 2235 ¹sc
527 2187 641 2235 fateatur
653 2181 793 2245 occidisse,
810 2195 835 2232 et
847 2182 877 2230 id
889 2185 967 2236 iussu

161 2256 300 2304 consulum
318 2253 455 2316 defendat,
473 2266 554 2303 creos
571 2252 643 2321 dicat
653 2270 707 2301 non
718 2250 799 2301 modo
807 2253 966 2316 imperasse,

162 2321 209 2371 sed
220 2318 349 2373 ratioirem
356 2339 458 2388 quoque
465 2321 622 2383 ostendisse,
641 2334 719 2387 quare
725 2319 754 2368 id
765 2320 848 2381 lacere
859 2320 966 2371 liceret.

144 2390 145 2393 ’
162 2388 194 2438 In
216 2406 274 2453 rem
290 2391 439 2452 confertur,
470 2403 500 2440 ut
523 2391 545 2439 si
563 2391 636 2456 quis,
659 2406 690 2439 cx
710 2398 868 2437 testamento
886 2387 966 2450 quod

161 2457 247 2507 llreere
258 2459 342 2508 iussus
356 2461 403 2519 sit,
422 2475 454 2508 ex
466 2458 607 2526 plebiscito
617 2468 732 2513 petetur.
766 2455 965 2519 Ercompara·

160 2524 232 2574 tion‘e
244 2543 319 2576 causa
338 2539 454 2588 constat,
473 2544 535 2577 cum
550 2526 662 2576 dicimus
681 2540 784 2574 necesse
796 2522 878 2570 fuisse
896 2521 965 2572 alte·

162 2605 267 2642 rutrum
284 2594 381 2653 secere,
404 2607 436 2645 „et
444 2595 489 2654 id,
513 2594 584 2661 quod
603 2592 755 2649 seceiimus,
781 2590 861 2638 satius
879 2590 964 2640 fuisse

161 2661 254 2712 secere.
280 2656 327 2715 ‘Ea
339 2680 415 2714 causa
426 2662 578 2714 huiusmodi
593 2674 647 2711 est:
664 2658 696 2709 G.
712 2657 854 2724 Popillius,
870 2670 934 2707 cum
947 2677 963 2709 a
