2000 2975
143 101 209 183 nt
359 133 414 185 on
444 107 746 196 Ϊιιιιιέιιιῑοιιιικ
789 201 792 208 y

142 261 262 310 ctoritas:
276 255 434 326 anaplittido‚
448 260 586 324 potentiae,
600 266 644 308 aut
657 254 810 320 maiestatis,
829 271 881 324 aut
896 261 948 309 ali=

143 342 255 403 quarum
267 329 401 393 copiarum
413 323 509 391 magna
522 325 690 386 abundantia:
709 329 830 388 amicitia,
844 328 949 378 volun·

143 409 182 448 tat
202 414 263 460 erga
285 397 402 460 aliquem
414 411 504 443 rerum
518 394 657 454 honarum,
672 395 745 444 illius
759 396 841 460 ipsius
853 411 949 457 causa,

144 481 224 527 quem
237 464 334 529 diligit,
358 478 421 510 cum
435 463 491 510 eius
504 463 562 527 pari
575 462 720 512 voluntate.
754 463 813 523 Hie,
827 465 896 527 quia
912 463 949 513 de

142 531 266 582 civilibus
273 533 358 580 causis
369 530 517 594 loquimur,
527 530 628 588 fructus
641 529 676 577 ad
687 527 834 580 amicitiam
848 531 950 578 adium

143 602 237 664 gimus,
251 612 280 647 ut
298 614 389 648 eorum
406 615 511 660 quoque
526 601 601 647 causa
621 597 734 662 petenda
749 598 875 647 rideatur
886 616 896 645 ι
913 616 951 656 ne

142 669 220 728 forte,
237 668 342 732 quinos
356 665 390 712 dc
408 666 482 723 omui
499 666 614 714 amicitia
625 665 711 713 dicere
720 666 885 726 existiment,
903 683 949 719 re-

143 735 303 802 prehendere
327 733 463 798 incipiant.
498 732 657 798 Quanquam
681 744 751 793 sunt,
767 735 814 798 qui
830 746 946 799 propter

141 804 290 851 utilitatem
315 800 398 850 modo
416 799 559 865 petendam
580 812 672 865 putent
690 801 853 861 amicitiam:
881 811 946 850 sunt

127 871 189 935 ‘qni
203 882 311 936 propter
328 886 355 918 se
376 868 478 917 solum:
500 878 561 917 sunt
579 868 624 932 qui
638 880 747 934 propter
767 887 802 927 se,
811 860 948 918 =etutili.

145 949 236 986 tatem.
254 938 375 1002 Quorum
393 935 458 1000 quid
473 937 606 986 verissime
620 937 804 996 constituatur,
823 937 946 986 aliuslo=

144 1022 190 1054 cus
216 1007 267 1068 erit
284 1002 477 1053 considerandi.
510 1005 586 1062 Nunc
609 1000 658 1052 h'oc
682 1005 719 1051 sic
737 1002 772 1052 ad
788 1020 869 1052 usum
883 1021 946 1053 ora·

145 1074 246 1122 toritun
261 1072 434 1137 relinquatur,
454 1080 591 1135 utramque
602 1082 710 1136 propter
717 1086 776 1119 rem
793 1073 945 1121 amicitiam

143 1158 197 1190 esse
216 1140 396 1205 expetendam·
418 1136 605 1188 Amicitianun
618 1149 706 1187 autem
717 1140 793 1200 ratio,
813 1135 946 1202 quoniam

142 1210 240 1274 partim
257 1219 318 1255 suut
336 1206 510 1269 religionibus
534 1207 652 1266 iunctae,
677 1207 775 1272 partim
797 1223 852 1255 non
871 1221 944 1268 sunt,

142 1288 169 1324 et
188 1277 248 1340 qnia
258 1276 356 1340 partim
373 1285 472 1323 veteres
487 1286 557 1335 sunt,
565 1275 663 1338 partim
683 1289 776 1334 novae,
792 1276 895 1339 partim
905 1275 943 1336 ab

142 1344 269 1404 illorum,
287 1343 389 1407 partim
405 1342 444 1389 alr
455 1352 546 1390 nostro
559 1341 689 1392 beneficio
705 1342 855 1408 profectae,
882 1360 943 1408 par·⁴

143 1412 193 1461 tim
210 1411 338 1471 utiliores,
355 1410 453 1474 partim
470 1410 668 1472 minutiones,
686 1425 718 1458 ex
739 1423 881 1459 causarum
897 1411 941 1459 di·

142 1477 301 1543 gnitatibus,
325 1496 357 1525 ex
379 1490 531 1542 temporiun
556 1476 813 1543 opportunitatibus,
831 1496 864 1528 ex
880 1477 937 1529 offi⁸

109 1560 121 1583 ¹<
142 1548 198 1607 ciis,
212 1562 245 1593 ex
261 1543 442 1608 religionibus,
456 1563 488 1593 ex
500 1545 675 1609 yetttstatibus
683 1544 837 1597 habebitur.

210 1612 280 1664 LVI.
314 1613 420 1663 Vtilitas
438 1625 527 1661 antem
545 1615 634 1679 autin
652 1628 761 1678 torpore
782 1615 867 1679 posita
889 1624 939 1676 est,

91 1712 93 1717 -
143 1691 188 1731 aut
202 1681 230 1729 in
243 1680 372 1730 extraneis
386 1679 479 1730 rebus:
506 1696 618 1743 quarum
635 1692 723 1737 tamen
742 1697 836 1730 rernm
850 1684 939 1730 multo

141 1751 257 1797 uranium
275 1766 334 1813 pars
354 1747 394 1795 ad'
407 1749 524 1813 corporis
546 1748 718 1799 commodum
740 1750 894 1809 revertitur,
910 1761 943 1807 ut

141 1818 170 1864 in
185 1816 319 1880 republica
339 1815 468 1882 quaedam
486 1826 559 1875 sunt,
578 1831 644 1877 quae
666 1816 706 1882 (ut
723 1818 760 1864 sic
780 1816 883 1881 dicam)
908 1816 943 1865 ad

141 1901 236 1949 corpus
253 1884 385 1949 pertinent
402 1884 526 1943 civitatis,
549 1894 579 1930 ut
598 1886 667 1946 agri,
694 1896 800 1949 portus,
819 1886 940 1949 pecunia,

142 1953 359 2012 classes‚‚nautac,
373 1952 481 2011 milites,
497 1951 578 2012 potii,
596 1952 691 2012 quilius
700 1951 779 2002 rebus
797 1953 945 2012 incolumi*

142 2030 224 2068 tatem
233 2035 262 2065 ac
277 2018 428 2067 libertatem
439 2019 554 2066 retinent
572 2019 696 2068 civitates:
715 2020 767 2067 alia
779 2037 854 2080 vero,
875 2018 953 2082 quae*

110 2105 112 2109 ·
141 2088 196 2134 iant
213 2084 343 2146 quiddam
359 2088 442 2149 magis
458 2087 586 2150 amplum,
608 2097 633 2134 et
652 2088 749 2141 minus,
758 2090 944 2136 necessarium
983 2090 987 2095 ’

141 2154 291 2213 conficiunt,
309 2165 339 2209 ut
353 2153 426 2200 urbis
441 2154 544 2217 egregia
563 2156 698 2202 exornatio
715 2165 794 2218 atque
815 2156 943 2220 amplitu=

73 2273 78 2287 Ι
142 2216 186 2281 do,
203 2233 234 2269 ut
252 2219 380 2285 quaedam
400 2221 531 2269 excellens
549 2223 670 2285 pecuniae
691 2223 859 2285 magnitudo,
875 2221 943 2269 ami=

142 2289 264 2337 citiarum
281 2305 311 2336 ac
324 2289 484 2337 ‚societatum
497 2287 653 2337 multitudo.
671 2289 776 2353 Quibus
793 2290 944 2339 rebusnon

140 2354 210 2403 illud
223 2356 310 2404 solum
324 2357 469 2415 conficitur,
489 2365 519 2402 ut
532 2356 617 2404 calvae
631 2346 834 2420 eitincolumes,
846 2354 942 2406 venun

116 2473 118 2478 ,
141 2418 273 2482 ctiam,‘ut
281 2424 383 2485 amplae
402 2432 478 2485 atque
491 2432 610 2485 potentes
626 2425 678 2485 sint
697 2426 823 2485 civitates·
848 2425 943 2487 Quare

140 2488 262 2540 utilitatis
284 2487 350 2535 duae
366 2498 369 2505 ¹
376 2499 463 2552 partes
487 2488 610 2538 videntur
634 2508 697 2551 esse,
723 2493 898 2543 incolumitas
910 2500 945 2543 ,et

140 2554 266 2618 potentia·
305 2553 476 2603 Incolumitas
495 2563 533 2602 est
550 2557 641 2606 salutis
658 2568 713 2617 tuta
735 2570 813 2624 atque
834 2561 944 2621 integra

143 2621 310 2673 conservatio:
327 2622 447 2684 potentia
460 2633 500 2673 tat
514 2621 548 2670 ad
566 2641 614 2674 aua
629 2626 815 2689 conversanda,
834 2639 863 2676 et
875 2624 945 2677 alte·
