2000 2975
102 228 107 240 Ι
145 148 192 206 '112
314 123 323 145 ³
364 147 419 203 An
448 142 703 209 ntnnuurru
750 191 753 194 ,

143 275 280 327 tractando
301 275 444 340 conficitur,
463 264 653 327 si'sent'entiam
668 263 828 326 traiiciemue
843 290 886 328 aut
902 278 940 328 ad
977 303 990 312 ·

144 347 398 406 sermocinationem,
416 357 461 395 aut
476 346 511 396 ad
523 347 762 406 exsuscitationem·
813 385 815 388 .

979 367 996 410 Ἴ

210 412 363 463 ΧΧΧΧΙΠ.
405 413 595 471 sermocinatio
616 425 671 474 est,
689 412 743 482 (de
755 425 757 430 '
768 430 820 479 qua
835 414 939 479 planius
993 417 995 472 ξ

96 527 102 532 .
144 480 233 547 paullo
251 489 311 547 post
325 500 371 530 suo
385 484 446 530 loco
461 481 596 543 dicemus,
614 497 684 545 nuuc
696 480 811 531 breviter
824 480 939 550 adhanc

144 566 210 609 rem,
222 550 294 613 quod
310 552 371 599 satis
386 562 433 608 est,
445 545 634 614 attingemus,)
652 549 679 596 in
697 567 747 613 qua
762 550 938 598 constituetur
994 569 995 614 3

115 625 118 632 ¹
145 617 253 664 alieuius
268 633 391 681 personae
409 618 493 666 oratio
508 611 707 666 accommodata
723 616 757 665 atl
770 616 936 680 dignitatem,
994 651 995 656 ,

141 683 193 732 lroc
206 682 300 746 modo,
318 697 355 746 ut,
375 702 426 749 quo
445 684 548 733 facilius
568 702 609 732 res
623 686 746 748 cognosci
757 686 847 750 possit,
858 702 888 733 ne
899 686 937 732 ah
994 713 995 716 =

144 750 236 800 cadem
253 754 380 809 sententia
402 750 569 812 recedamus.
588 752 704 817 Sapiens,
713 754 766 815 ‘qni
786 753 873 799 omnia
885 754 936 800 rei.-

117 881 118 886 ,
144 819 264 885 publicae
277 836 354 869 causa
367 819 530 886 suscipienda
544 820 660 885 pericula
671 820 784 884 putabit,
798 837 871 885 saepe
879 820 934 884 ipse

70 901 79 917 t
142 902 232 946 secum
249 888 288 935 sic
297 888 433 956 loquetur:
451 887 519 944 Non
529 886 595 936 mihi
610 888 668 947 soli,
683 886 730 935 sed
749 888 837 946 etiam,
858 899 935 951 atque

144 953 209 1003 adeo
220 955 305 1003 multo
322 956 418 1020 potius,
436 967 584 1005 natussum
597 955 710 1020 patriae:
729 957 790 1019 vita,
803 971 868 1018 quae
880 955 934 1003 fato
994 977 995 1024 j

144 1020 262 1083 debetur,
276 1023 354 1073 saluti
359 1024 457 1089 patriae
472 1024 640 1088 potissimum
654 1024 778 1072 solvatura
789 1017 865 1076 Aluit
871 1021 938 1070 ltaec

85 1087 92 1096 ”
144 1106 201 1137 me:
220 1101 276 1140 tute
294 1103 371 1155 atque
390 1091 497 1140 honeste
510 1090 635 1156 produxit
646 1108 727 1154 usque
741 1089 775 1138 ad
790 1089 856 1140 hanc
866 1102 933 1138 aeta·
994 1115 995 1118 =

142 1170 210 1205 tem:
226 1153 323 1206 muniit
331 1176 402 1207 meas
415 1159 529 1207 rationes
543 1157 620 1207 bonis
630 1158 742 1224 legibus,
757 1159 865 1223 optimis
877 1172 932 1210 mo·
994 1169 995 1184 ³

144 1224 225 1286 ribus,
244 1225 432 1276 honestissimis
447 1221 602 1291 disciplinis.
627 1225 700 1289 Quid
711 1238 758 1288 est,
776 1224 874 1289 quoda
891 1242 930 1272 me

143 1294 205 1341 satis
218 1294 241 1341 ei
252 1294 365 1358 persolvi
379 1293 469 1359 possit,
486 1292 556 1342 unde
568 1294 631 1342 haec
647 1295 752 1358 accepta
765 1290 847 1342 sunt?
865 1291 930 1355 Quia

143 1359 208 1408 haec
229 1361 347 1425 loquitur
362 1378 453 1410 secum
461 1362 584 1428 sapiens:
603 1379 677 1426 saepe
696 1378 743 1426 ego
765 1361 791 1407 in
811 1361 945 1425 pennulis,

142 1427 302 1493 reipublicae
318 1428 423 1479 nullum
432 1430 485 1496 ipse
500 1428 718 1496 periculumsugi
735 1429 803 1478 Item
816 1439 930 1477 mutatur
949 1427 952 1430 ’

143 1513 183 1549 res
195 1495 341 1557 tractando,
355 1499 376 1547 si
384 1497 533 1547 traducitur
543 1497 577 1549 ad
591 1499 930 1563 exsuscitationem,cumet

142 1564 939 1633 nos'commotidIoerevideamur,ctauditorisauimumcomff
994 1588 995 1617 5

143 1648 286 1694 movemus,
300 1633 352 1682 sic:
371 1632 436 1699 Quis
451 1646 490 1683 est
503 1646 558 1684 tam
569 1635 642 1683 tenui
658 1634 816 1698 cogitatione
830 1632 930 1698 praedi·

143 1711 193 1759 tue,
207 1700 280 1748 cuius
297 1702 399 1750 animus
412 1704 492 1751 tantis
507 1702 633 1767 angustiis
649 1700 761 1751 invidiae
774 1702 929 1761 continetur,

143 1768 188 1835 qui
207 1767 350 1819 nonslrunc
371 1769 507 1818 hominem
523 1768 712 1818 studiosissime
729 1767 829 1828 laudet,
848 1780 874 1817 et
892 1775 929 1816 sai

142 1836 334 1900 pientissimum
352 1836 464 1898 iudicet,
482 1838 528 1903 qui
541 1855 589 1903 pro
607 1838 689 1895 salute
708 1837 817 1901 patriae,
833 1853 881 1902 pro
893 1837 930 1883 in·

68 1942 71 1945 .
109 1937 112 1941 -
142 1900 294 1953 columitate
312 1906 438 1964 civitatis,
455 1923 503 1971 pro
521 1904 678 1970 reipublicae
697 1905 824 1964 sortrmis,
840 1918 928 1968 quam=

107 1971 116 1982 ‘
142 1970 180 2018 ris
197 1975 408 2037 magntuuatque
422 1983 497 2020 atrox
512 1968 783 2036 periculumstudiose
799 1972 949 2038 §uscipiat-

142 2037 299 2087 ‘eclihenter
317 2036 429 2087 subeat?
454 2038 586 2104 Equidem
603 2040 672 2088 hunc
690 2034 827 2088 hominem
847 2039 929 2102 magis

143 2107 218 2172 cupio
227 2103 411 2164 catislaudare,
428 2123 509 2172 quam
519 2123 642 2171 possum:
660 2106 782 2171 idemque
796 2107 845 2155 hoc
859 2117 935 2159 certo=

142 2174 195 2222 scio
213 2171 288 2222 robis
305 2170 427 2221 omnibus
442 2191 491 2237 usu
505 2177 602 2223 venire.
625 2174 726 2239 Eadem
737 2191 777 2222 res
793 2176 873 2240 igitur
889 2173 928 2223 his
994 2174 995 2191 ¹

99 2255 104 2263 ¹
141 2240 226 2289 tribus
245 2238 403 2301 indicendo
423 2242 629 2291 commutabitur
648 2242 742 2302 rebus,
754 2242 854 2308 ⁴verbis,
871 2258 928 2307 pro·
994 2288 995 2293 ,

73 2311 76 2314 ’
141 2306 300 2368 nuntiando,
318 2306 471 2358 tractando:
490 2309 537 2359 sed
554 2310 691 2370 tractando
711 2308 864 2374 dupliciter,
878 2325 928 2359 ser·
994 2308 995 2363 J

141 2377 325 2439 ntocinatioue,
342 2387 368 2426 et
384 2378 592 2439 ensuscitatioue.
610 2377 664 2428 Sed
678 2377 711 2426 de
725 2377 817 2428 'eadem
828 2395 856 2425 rc
868 2392 928 2424 cum

142 2442 267 2505 dicemus,
276 2443 397 2515 pluribus
408 2442 515 2495 utemur
523 2445 781 2494 commutationibus.
792 2438 929 2497 Namarini

142 2516 197 2564 rem
208 2508 362 2577 simpliciter
374 2514 635 2579 pronuntiaverimus,
648 2515 928 2580 rationempoterimus
958 2572 971 2583 „
994 2558 995 2579 ,

141 2579 282 2629 subiicere:
301 2578 396 2629 deinde
416 2580 571 2646 dupliciter,
588 2582 630 2630 vel
641 2583 696 2630 sine
715 2581 870 2642 rationibus,
887 2582 929 2631 vel
948 2620 951 2625 .
994 2594 995 2603 ²

142 2647 361 2710 morationibus,
371 2650 540 2714 pronuntiare
553 2651 707 2702 sententiam
714 2667 724 2698 :·
733 2648 829 2700 deinde
839 2650 928 2703 atterit
