2000 2975
189 128 399 187 tinen
433 135 671 206 secururs.
731 83 738 98 ¹
815 145 879 220 ω,

50 260 151 309 'inrias
176 259 279 310 iniuriis
296 261 465 323 ulciscantur,
496 274 625 328 quantum
639 260 869 312 incommodorum
934 274 938 278 '

62 329 258 392 consequatur:
280 345 320 377 ·ae
338 330 360 377 si
378 329 451 379 idem
472 330 636 397 facceeipm,
654 331 699 395 qui
713 346 782 378 nunc
793 334 868 380 secu·

63 408 116 456 set,
132 396 284 455 noluisset,
308 396 401 452 nehoc
428 397 536 462 quidem
556 401 613 465 ipso
635 396 781 463 quidquam
803 415 869 463 opus
890 405 919 426 ²*

61 462 150 511 fnisse
163 462 278 511 indicio:
297 464 318 510 si
332 480 393 513 vero
406 466 486 514 ceteri
501 484 606 533 quoqne
612 465 685 516 idem
692 466 798 524 saciant,
811 480 867 513 om·

62 531 133 579 nino
151 530 280 579 iudicium
294 531 398 590 nullum
410 532 539 582 futurum.
572 533 665 582 Postea
675 528 867 586 demonstrabi-

62 608 119 658 mr,
138 615 173 646 ne
191 599 212 647 si
237 596 335 646 iuditio
349 599 455 664 quidem
464 601 511 650 illa
524 591 729 661 dinmataess'et,
745 601 775 649 in
787 615 866 664 quam

63 664 95 713 id
107 666 210 713 crimen
226 662 259 713 ab
273 683 318 714 reo
329 667 488 727 conseratur,
505 671 620 733 potuisse
642 668 710 717 huno
730 668 819 730 ipsum
834 666 868 717 de

63 733 115 782 illa
135 734 431 799 suppliciumsumere:
455 752 535 800 quare
556 754 612 785 esse
631 734 780 804 indignum,
799 735 868 794 eum,

63 802 113 866 qni
125 809 162 849 ne
177 799 210 849 de
225 801 349 851 damnata
370 802 479 868 quidem
499 819 600 869 poenas.
614 819 714 853 sumere
729 804 866 868 potuisset,

62 867 99 917 de
110 884 141 916 ea
158 870 316 934 supplicium
336 871 467 930 sumsisse,
492 887 559 935 quae
570 887 604 919 ne
624 869 740 930 adducre
758 869 867 936 quidem
914 919 917 932 ,

55 937 101 985 ‘sit
115 937 144 983 in
158 935 297 986 inditium.
329 937 432 986 Deinde
445 937 599 1003 postulabit,
615 948 645 987 ut
658 938 754 1002 legem,
770 955 820 1002 quc
829 939 868 988 le-
949 943 952 948 ”

44 1035 49 1042 ·
64 1019 97 1068 ge
109 1004 211 1064 fecerit,
229 1004 355 1069 proferat.
388 1005 493 1055 Deinde
507 1003 734 1070 quemadmodum
749 1006 777 1053 in
793 1012 865 1054 com·

29 1066 32 1074 ⁴
63 1073 205 1137 paratione
212 1071 442 1137 praecipiebamus,
460 1071 573 1133 utillud,
582 1072 653 1140 quod
660 1072 864 1137 comparabitur,

65 1149 253 1188 extenuaretur
267 1139 301 1187 ab
314 1143 471 1190 ‘accusatore
485 1157 565 1206 qnam
575 1142 702 1190 maxime:
721 1141 758 1190 sic
776 1142 803 1189 in
815 1139 866 1189 hoe

54 1207 161 1271 genere
172 1206 305 1271 oportebit
318 1207 390 1257 illius
402 1210 518 1274 culpam,
530 1210 558 1257 in
572 1224 652 1284 quem
666 1208 766 1256 crimen
781 1219 866 1257 trans·

54 1274 176 1334 <foretne
192 1290 254 1322 etun
266 1273 341 1323 huius
354 1276 491 1337 malefieio,
509 1278 555 1341 qni
568 1294 595 1326 se
606 1278 662 1327 iure
673 1276 767 1326 fecisse
784 1275 864 1342 dicet,
905 1320 910 1323 Α

65 1357 228 1407 comparare.
260 1341 364 1391 Postea
376 1341 609 1394 demonstrandum
625 1355 673 1404 est,
698 1360 752 1392 non
768 1343 865 1399 esseil-
939 1363 947 1371 ·

64 1409 113 1458 lud
128 1406 268 1468 eiusmodi,
285 1421 316 1458 ut
327 1409 362 1461 ob
373 1410 401 1459 id
416 1410 467 1461 ltoc
479 1412 534 1460 fieri
546 1411 706 1461 conveniret.
739 1410 864 1460 Extrema

64 1490 115 1539 est,
140 1487 170 1526 ut
184 1477 425 1543 incomparatione,
448 1481 574 1530 assumtio
591 1478 767 1538 iudicationis,
791 1477 864 1528 etde
911 1487 917 1489 ’

64 1550 161 1662 {ppet-
185 1544 415 1611 amplificationem
439 1565 471 1599 ex
497 1547 698 1599 deliberationis
719 1548 865 1614 praeceptis

95 1626 159 1663 Cilo.
413 1642 417 1650 ·
696 1650 700 1651 ν

105 1684 115 1699 “
134 1679 258 1732 XXVIII.
290 1682 419 1732 Defensor
430 1696 527 1745 antem,
546 1682 612 1750 qna'e
622 1701 669 1750 per
682 1684 747 1732 aliae
765 1684 862 1733 consti·

64 1750 181 1799 tutioues
198 1748 364 1811 inducentur,
382 1753 457 1800 exiis
471 1752 543 1812 locis,
562 1753 607 1817 qui
625 1748 717 1801 traditi
738 1763 806 1811 sunt,
823 1752 862 1799 in-

63 1815 205 1877 firmabit?
220 1818 303 1882 ipsam
316 1830 404 1866 autem
422 1820 577 1871 relationem
598 1817 791 1884 comprobabit,
810 1820 864 1884 pri·
924 1843 930 1850 ·

65 1899 141 1933 mum
156 1883 277 1948 augendo
294 1887 357 1946 cius,
374 1887 403 1934 in
424 1902 504 1952 quem
522 1887 603 1936 refert
623 1885 862 1951 crimen,'cuipam

65 1950 246 2011 ctaudrciam,
271 1964 298 2001 et
311 1969 391 2017 quam
411 1956 525 2004 maxime
535 1971 587 2020 per
604 1953 820 2019 indignationem,
839 1953 862 2002 si

64 2036 106 2068 res
114 2018 191 2078 tieret,
203 2021 298 2068 'iuncta
320 2023 514 2085 conquestione,
541 2033 600 2071 ante
618 2024 710 2072 oculos
727 2019 860 2087 ponendo.

65 2084 159 2134 Postea
169 2087 250 2135 ieritis
260 2085 467 2138 demonstrando
487 2105 562 2139 reum
579 2092 715 2155 punitum,
730 2089 863 2154 'quamsit

65 2154 112 2202 ille
125 2155 291 2218 promeritus,
305 2167 331 2203 et
342 2173 420 2204 suum
433 2160 591 2223 supplicium
607 2174 668 2206 cum
681 2158 751 2206 illius
766 2157 862 2206 iniuria

66 2219 233 2270 conferendo.
264 2221 367 2272 Deinde
379 2226 513 2290 oportebit
527 2244 570 2274 eos
577 2227 658 2285 locos,
672 2222 721 2289 'qui
731 2225 770 2275 ita
784 2236 862 2275 erunt

66 2288 100 2336 ab
112 2301 260 2337 accusatore
267 2293 388 2353 tractati,
405 2304 435 2341 ut
447 2290 541 2355 refelli,
560 2306 586 2341 et
600 2292 761 2341 contrariam
768 2292 861 2356 inpar·

66 2365 120 2404 tem
144 2357 261 2406 converti
279 2359 388 2422 possint,
413 2377 465 2423 quo
478 2363 505 2409 in
522 2377 615 2424 genere
627 2358 765 2409 snnt'tre's
778 2371 861 2409 extre·

65 2424 110 2483 mi,
128 2423 265 2473 contrariis
284 2425 431 2475 rationibus
450 2428 591 2476 infirmare.
625 2427 676 2475 tna
690 2438 779 2476 autem
791 2443 862 2476 ecer-

17 2526 43 2553 ψ
65 2491 132 2539 rima
151 2502 338 2555 accusatorum<
355 2494 514 2555 criminatio,
532 2508 671 2559 perquam
684 2493 876 2559 perturbetim'

17 2562 28 2569 '⁴
63 2572 125 2606 nem
137 2557 192 2605 sore
207 2559 326 2607 omnium
346 2559 505 2610 iudiciorum
526 2560 717 2621 demonstrant,
736 2563 757 2610 si
774 2560 806 2609 de
823 2562 862 2609 in·

57 2623 187 2677 -demnsto
201 2625 326 2694 supplicii
345 2628 469 2691 sumendi
489 2640 606 2695 potestas
619 2629 682 2693 date
700 2630 745 2694 sit,
763 2626 860 2680 letabi-
