2000 2975
267 145 664 219 LIBERtsEcv'NDvs.
804 164 854 231 ειη

40 293 125 341 ¹lium
137 289 297 349 voluntaria,
310 306 339 338 ac
360 285 485 339 diuturna
498 291 644 357 perpessio:
666 291 856 358 perseverantie

55 360 136 410 estin
154 358 255 407 ratione
275 356 342 406 bene
369 357 535 407 considerata
557 359 662 408 ‘stabilis
681 373 710 422 et
730 371 855 425 perpetue
902 396 914 408 .

53 426 215 494 permansio.
250 426 435 490 Temperantia
457 437 497 475 est
519 428 630 476 rationis
653 429 681 477 in
703 427 854 541 lipidinem,

54 507 135 561 atque
151 494 178 541 in
204 492 269 541 alios
295 509 349 541 non
368 506 455 544 rectos
475 495 590 560 impetus
608 495 706 555 animi,
749 509 804 543 rnta
829 506 855 544 et
895 505 901 514 '

13 593 15 598 ·
55 561 194 612 moderata
209 558 454 611 dominatio.'·Eius
474 574 562 628 partes
582 575 659 623 sunt,
685 562 854 622 continentia,

56 629 209 690 elementia,
228 627 366 677 modestia.
382 628 551 689 Continentia
565 642 612 690 est,
627 645 766 696 perquam
783 629 855 693 cupi·

13 729 14 736 1
56 698 137 760 ditas,
166 696 269 745 consilii
289 697 478 761 gubernatione
503 699 615 762 regitur:
640 696 787 755 clementia,
809 712 855 761 per

57 781 141 830 quam
157 764 253 823 anirui,
270 776 369 813 temere
383 767 410 813 in
426 764 524 813 odium
544 766 654 814 alicuius
677 764 801 812 concitati
809 764 855 820 Αἱιιι

55 834 152 894 vectio,
170 833 295 882 comitate
309 833 450 881 retinetur:
464 832 600 894 modestia,
613 850 660 899 per
675 847 755 897 quam
769 830 856 897 pudor

56 902 197 959 honestus,
217 915 305 949 earam
327 911 353 948 ot
371 899 494 951 stabilem
513 911 648 965 comparat
665 901 865 949 auctoritatem.-
891 894 896 908 ’

59 968 151 1034 Atque
166 967 230 1015 haee
246 969 335 1016 omnia
349 980 457 1034 propter
472 987 498 1019 se
513 969 609 1029 solum,
634 979 663 1017 ut
679 967 748 1015 nihil
763 965 857 1014 adinn-

58 1048 138 1102 gatur
159 1036 340 1095 emolumenti,
364 1033 478 1102 petenda
498 1046 568 1086 sunt.
602 1034 682 1100 Quod
703 1043 733 1081 ut
749 1032 882 1093 demon·-

58 1115 168 1164 stretur,
183 1120 266 1169 neque
281 1102 315 1152 ad
331 1106 380 1154 hoc
398 1115 517 1154 nostrum
531 1105 680 1172 inptitutum
695 1102 816 1168 pertinet,
830 1110 857 1148 et
893 1145 899 1154 ,

58 1190 73 1221 a
91 1171 219 1222 brevitate
234 1169 411 1238 praecipiendi
426 1184 559 1223 remotum
571 1184 619 1222 est.
650 1170 760 1237 Propter
773 1185 799 1218 se
813 1177 858 1216 au·

60 1253 117 1289 tem
131 1237 237 1288 vitanda
261 1251 335 1300 sunt,
356 1258 410 1290 non
428 1258 456 1289 ea
473 1240 563 1302 modo,
581 1256 646 1305 quae
664 1238 704 1287 his
728 1235 858 1285 contraria

59 1316 137 1367 sunt,
162 1317 192 1355 ut
214 1306 365 1364 fortitudini
390 1309 507 1373 ignavia,
531 1318 558 1358 et
579 1306 700 1355 iustitiae·
713 1304 857 1354 initutitia:

59 1375 243 1425 verumetiam
259 1375 320 1435 iila,
347 1393 413 1440 qrrae
425 1377 574 1441 propinqua
598 1372 718 1423 videntur
733 1383 759 1421 et
781 1369 868 1420 finiti·

26 1467 31 1470 2
60 1458 185 1503 maesse,
202 1440 299 1492 absunt
312 1456 405 1494 autem
414 1444 574 1510 longissime:
591 1439 758 1508 quotigenus
778 1436 859 1489 fiden-

61 1513 115 1561 tiae
138 1512 312 1571 contrarium,
335 1522 374 1567 est
391 1511 553 1573 diffidentia,
574 1523 644 1559 et‘ea
658 1527 686 1558 re
700 1510 794 1559 vitium
811 1515 857 1557 est:
873 1518 875 1521 '

61 1575 170 1627 audacia
185 1595 238 1626 non
252 1576 423 1640 contraiium,
437 1579 484 1628 sed
496 1580 650 1647 appositum
662 1588 702 1628 est
716 1594 746 1626 ac
754 1576 860 1643 propin·
925 1618 928 1623 .

63 1661 157 1711 quum,
172 1658 295 1694 ettamen
308 1648 402 1695 vitium
409 1657 457 1695 est.
482 1646 689 1712 Sic·unicuique
700 1642 792 1695 virtuti
805 1643 861 1692 fini·

62 1715 162 1761 timum
176 1712 270 1769 vitium
283 1714 437 1777 reperietur,
451 1724 495 1762 aut
511 1725 582 1762 certo
596 1715 648 1762 iam
655 1713 761 1762 nomine
773 1713 861 1777 appel·

60 1782 164 1838 latum,
188 1789 219 1826 nt
239 1778 358 1836 audacia,
381 1796 447 1845 quae
469 1778 607 1830 fidentiae.
629 1781 779 1846 pertinacia,
795 1793 861 1844 quae

61 1845 272 1914 perseverantiae
283 1848 392 1895 finitima
407 1860 461 1909 est,
479 1849 640 1914 superstitio,
653 1866 721 1914 quae
739 1845 862 1911 reiigioni

62 1912 213 1979 propinqua
236 1926 287 1962 est:
306 1924 351 1962 aut
381 1916 436 1963 sine
456 1916 512 1963 ullo
538 1927 610 1963 certo
636 1916 753 1964 nomine.
788 1914 862 1975 Quae

63 1980 155 2029 omnia
171 1979 243 2039 item,
259 1982 300 2030 uti
319 1983 450 2031 contraria
473 1998 564 2030 rerum
581 1982 718 2042 bonarum,
736 1982 772 2035 in,
782 1980 863 2028 rebus

65 2044 180 2096 vitandis
192 2063 358 2113 reponemus.
370 2047 410 2097 Ac
425 2048 458 2098 de
473 2065 504 2096 eo
514 2048 624 2112 quidem
639 2058 734 2113 genere¹
744 2048 862 2097 honesta-

65 2117 110 2175 tis,
125 2111 200 2180 quod
219 2117 292 2165 omni
309 2133 341 2166 ex
354 2126 428 2184 parte
443 2128 551 2183 propter
568 2133 596 2168 se
612 2118 720 2185 petitur,
740 2118 802 2167 satis
824 2114 863 2164 di·
927 2132 930 2139 ⁴

64 2184 140 2232 ctum
153 2193 203 2231 est.
816 2198 819 2203 ¹

60 2302 62 2309 ,
135 2247 193 2302 LV·
227 2251 305 2303 Nune
317 2252 350 2305 de
363 2272 401 2314 eo,
413 2255 441 2303 in
462 2269 516 2320 quo
535 2253 638 2303 utilitas
654 2268 758 2319 quoquo
772 2251 864 2302 adiun-

63 2318 148 2383 gitur,
160 2318 243 2377 quod.
253 2331 341 2371 tamen
359 2323 499 2373 honestum
520 2338 653 2381 vocamus,
667 2320 811 2371 dicendum
826 2321 863 2371 ri·

66 2384 156 2432 detur.
191 2382 259 2433 Sunt
278 2389 357 2451 igitur
381 2392 473 2450 multa,
494 2407 560 2454 quae
581 2407 629 2438 nos
649 2405 711 2439 cum
726 2387 863 2453 dignitate,

66 2465 125 2500 tum
141 2449 230 2500 fructu
241 2469 344 2519 quoque
359 2473 406 2504 suo
420 2456 529 2507 ducunt:
546 2473 598 2523 quo
612 2458 639 2506 in
652 2472 745 2522 genere
754 2468 793 2506 est
808 2456 863 2521 glo·

67 2520 116 2579 ria,
136 2517 263 2583 dignitas,
285 2523 448 2588 amplitudo,
470 2526 593 2573 amicitia.
642 2523 735 2574 Gloria
756 2535 795 2573 est
813 2524 865 2572 ire·

69 2603 152 2650 quens
173 2584 206 2634 de
229 2589 318 2655 aliquo
331 2591 399 2639 fania
420 2608 481 2639 cum
494 2588 588 2640 laude:
610 2592 741 2656 dignitas,
756 2592 866 2641 alicuius

69 2652 189 2715 honeste,
209 2666 235 2705 et
250 2658 333 2721 cultu,
348 2666 374 2708 ot
388 2658 496 2723 honore,
519 2671 545 2709 et
558 2658 712 2709 verecundia
728 2658 808 2726 digna
821 2652 866 2710 ait·
