2000 2975
40 105 45 115 ⁶
128 146 224 208 ,its
389 115 762 203 nu1avaur10ne

175 274 277 325 tionem
294 272 483 339 propositioni;
510 271 732 340 quadamantetn
752 273 781 321 in
805 273 992 339 argumenta-³

174 342 246 390 tione
255 339 358 390 infirma
372 354 410 392 est
422 357 469 407 pro
489 343 574 402 ositio,
588 342 639 391 nisi
653 341 778 390 adiuncta
791 342 826 390 sit
842 342 968 408 approba·

175 409 228 471 tio,
250 421 399 474 separatum
419 359 549 473 quiddam
563 421 602 459 est
616 427 630 457 a
643 410 823 475 propositione
842 411 967 476 approba·
991 403 992 444 Ῐ

119 511 123 518 -
175 477 223 526 tio.
256 474 339 540 Quod
354 478 465 527 enimet
480 476 627 543 adiungier
644 475 802 543 separariab
821 478 914 541 aliquo
927 495 967 544 po·

176 555 236 605 test,
255 542 284 591 id
302 562 355 593 non
372 543 551 609 potestvidem
570 544 721 609 essequod
737 543 827 606 estid,
845 544 882 594 ad
901 544 967 609 qnod
991 569 992 574 ¹

175 610 337 675 adiungitur,
354 624 381 661 et
402 631 417 660 a
436 630 488 677 quo
507 624 653 679 separatur:
672 624 711 661 est
728 624 819 660 autem
839 612 967 677 quaedam
991 607 993 640 ³

176 681 377 743 argumentatio,
395 681 421 727 in
440 697 491 744 qua
511 680 655 747 propositio
677 694 732 738 non
757 678 859 743 indiget
877 696 967 746 appro=
991 719 992 728 ,

174 745 290 812 batione,
309 757 336 795 et
355 745 497 811 quaedam,
516 749 544 795 iu
561 763 611 812 qua
621 746 697 808 nibil
709 748 780 797 valet
801 748 857 795 sine
876 764 967 813 appro·
988 765 993 788 ⁴

174 812 289 876 batione,
312 812 341 862 ut
358 813 534 883 ostendemus:
552 824 669 879 separata
687 814 825 878 tetigitur
838 833 852 862 a
873 831 966 881 propo·
991 801 993 876 i

174 881 268 931 titione
285 880 449 949 approbatio.
483 881 645 933 Ostendetur
662 895 751 931 autem
769 881 806 941 id,
821 881 895 944 quod
910 882 966 947 pol·
991 883 992 944 i

103 1003 108 1006 ,
173 947 244 998 liciti
256 964 355 1012 snmus,
371 949 422 999 boe
442 947 539 999 modo:
561 950 634 1015 Quae
645 943 789 1016 propositio
802 950 831 997 in
847 967 875 997 se
893 948 965 1014 qnid·

174 1014 239 1084 dam
253 1014 370 1066 continet
381 1019 555 1086 perspicuum,
570 1029 596 1066 et
608 1016 679 1082 quod
694 1028 812 1066 constare
826 1017 897 1065 inter
910 1034 972 1078 orn-7

148 1079 152 1090 ¹
174 1101 222 1134 nes
233 1088 337 1136 nee'esse
347 1099 395 1150 est,
409 1086 475 1135 hane
489 1087 558 1137 velle
571 1085 716 1152 approbare
732 1097 759 1133 et
779 1084 884 1133 firmare
899 1084 964 1133 nibil
991 1127 992 1142 ,

174 1154 278 1202 attinet.
303 1153 350 1220 ‘Ea
367 1166 407 1203 est
426 1152 590 1222 huiusmodi:
614 1153 656 1213 si,
673 1170 725 1217 quo
746 1150 789 1200 die
805 1153 855 1200 ista
875 1152 962 1201 caedes
991 1175 992 1216 4

174 1219 271 1270 Romae
290 1221 358 1270 faeta
378 1225 426 1284 est,
440 1219 614 1287 ego‘Atbenis
625 1239 656 1269 eo
674 1220 717 1268 die
734 1220 961 1279 fni,·interessein
991 1231 992 1250 ¹

174 1286 254 1337 caede
271 1304 324 1336 non
337 1290 420 1354 potui.
453 1288 511 1339 Hoc
533 1289 594 1354 quia
606 1289 742 1354 perspicue
754 1303 845 1337 rerum
860 1300 907 1346 est,
923 1287 960 1334 ni·
991 1253 993 1316 i

174 1353 214 1404 bil
226 1356 320 1405 attinet
337 1373 351 1403 a
370 1356 486 1423 probari.
522 1358 610 1422 Quare
628 1357 725 1408 assumi
744 1355 835 1403 statim
852 1366 960 1421 oportet,

114 1456 116 1461 ,
173 1420 224 1474 boe
232 1421 321 1473 modo:
362 1427 390 1473 ui
403 1438 490 1476 autem
498 1423 610 1475 Athenis
619 1442 649 1475 eo
665 1422 718 1472 die.
735 1422 792 1472 Hoc
804 1424 827 1471 si
840 1436 893 1471 non
902 1438 960 1470 eon-

153 1502 240 1555 watat,
258 1490 357 1559 indiget
372 1495 575 1559 approbationis:
593 1508 644 1557 qua
669 1490 792 1550 inducta,
816 1492 959 1558 complexio
991 1483 992 1531 i

173 1569 357 1624 consequetur.
373 1560 421 1610 Est
432 1563 512 1629 igitur
523 1559 653 1627 quaedam
668 1559 822 1625 propositio,
838 1575 959 1625 quaenon
991 1568 992 1595 ³

173 1624 273 1691 indiget
287 1627 483 1693 approbatione.
499 1628 570 1679 Nam
586 1644 642 1678 esse
658 1624 800 1693 quandam,
814 1643 879 1691 quae
895 1625 959 1676 indi·

116 1711 118 1716 ·
172 1705 241 1762 geat,
259 1694 325 1759 quid
344 1698 438 1747 attinet
455 1696 601 1757 ostendere,
622 1694 693 1761 quod
715 1695 796 1744 cuivis
815 1694 891 1744 facile
904 1711 959 1760 per·

103 1800 121 1831 ·.
172 1764 293 1830 spicuum
306 1761 364 1814 est?
383 1763 463 1829 Quod
477 1768 499 1816 si
513 1766 549 1814 ita
569 1775 616 1824 est,
630 1774 667 1813 ex
678 1762 738 1823 boc,
753 1772 780 1810 et
794 1778 828 1812 ex
839 1778 878 1823 eo,
886 1760 959 1827 'quod

70 1874 76 1883 .
135 1830 140 1835 ‘
191 1828 399 1898 roposueramus,
417 1835 467 1883 boo
484 1831 629 1892 conficitur,
650 1841 864 1897 separatum-esse
885 1827 958 1891 qnid·

134 1896 138 1903 “
171 1849 236 1950 dam
253 1917 268 1946 a
281 1901 457 1969 propositione
473 1895 746 1968 approbationem.'Si
758 1907 848 1947 autem
865 1898 901 1944 ita
913 1905 964 1957 est,

170 1964 268 2014 salsam
281 1978 320 2015 est
338 1984 392 2016 non
407 1986 459 2021 esse
490 1970 532 2018 lus
547 1983 626 2031 quam
643 1967 806 2032 tripertitam
827 1979 959 2028 argumen-
991 2030 992 2033 Ἴ

170 2032 308 2084 tationem.
326 2033 415 2086 Simili
426 1988 508 2087 modo
522 2034 741 2097 liquet,alteram
752 2047 856 2099 quoqne
870 2047 960 2098 appro-

169 2094 307 2151 bationem
321 2118 467 2168 separatam
481 2122 535 2154 esse
547 2102 580 2151 ab
597 2102 764 2150 assumtione:
777 2102 799 2149 ei
813 2097 961 2167 quadamin
991 2148 992 2151 ,

170 2170 394 2232 argumentatione
412 2174 474 2221 satis
486 2184 526 2221 est
537 2171 578 2219 nti
593 2170 762 2229 assumtione,
780 2180 807 2217 et
819 2185 872 2215 nou
887 2183 959 2234 opor-

169 2246 209 2287 tet
220 2233 360 2304 adiungere
377 2239 595 2307 approbationem
612 2235 775 2297 assumtioni,
792 2235 906 2301 <predam
918 2236 960 2282 air·
991 2274 992 2277 ,

169 2313 225 2355 tem
240 2305 268 2353 in
283 2306 507 2373 argumentatione
528 2306 630 2359 infirma
649 2316 688 2353 est
706 2304 843 2365 assumtio,
853 2303 907 2352 nisi
917 2300 959 2355 ad·
991 2314 992 2351 ὲ

169 2371 258 2421 iuncta
283 2375 317 2424 sit
336 2374 499 2443 approbatio:
518 2385 666 2439 separatum
684 2371 813 2436 quiddam
831 2382 870 2420 est
891 2381 959 2420 extra
990 2380 992 2441 ,

170 2441 357 2508 assumtionem
375 2443 541 2511 approbatio.
587 2441 635 2489 Est
656 2451 745 2489 antem
770 2439 959 2504 argumentatio
988 2470 990 2481 ι

64 2514 78 2521 ‘
141 2532 156 2549 ‘.
170 2503 306 2570 quaedam,
320 2511 346 2557 in
360 2530 413 2576 qua
429 2511 553 2562 assumtio
565 2525 619 2558 uon
630 2506 732 2575 indiget
759 2506 960 2574 approbation'n3
982 2512 986 2531 ¹

171 2571 299 2643 quaedam
316 2588 412 2639 autom,
425 2580 453 2626 in
471 2595 522 2641 qua
535 2576 603 2627 nihil
613 2577 683 2624 valet
695 2578 750 2625 sine
765 2575 958 2642 approbatione,

170 2650 199 2689 at
213 2638 390 2692 ostendemus.
408 2644 533 2710 Separata
549 2656 590 2693 ert
600 2643 690 2709 igitur}
699 2642 733 2692 ab
742 2643 906 2694 auumtione
920 2659 957 2709 ap·
