<?xml version="1.0" encoding="UTF-8"?>
<!DOCTYPE html PUBLIC "-//W3C//DTD XHTML 1.0 Transitional//EN"
    "http://www.w3.org/TR/xhtml1/DTD/xhtml1-transitional.dtd">
<html xmlns="http://www.w3.org/1999/xhtml" xml:lang="en" lang="en">
 <head>
  <title>
</title>
<meta http-equiv="Content-Type" content="text/html;charset=utf-8" />
  <meta name='ocr-system' content='tesseract 3.04.00' />
  <meta name='ocr-capabilities' content='ocr_page ocr_carea ocr_par ocr_line ocrx_word'/>
</head>
<body>
  <div class='ocr_page' id='page_1' title='image "./mtvlliciceronis05cicegoog/mtvlliciceronis05cicegoog_0012.png"; bbox 0 0 2000 2975; ppageno 0'>
   <div class='ocr_carea' id='block_1_1' title="bbox 143 167 720 238">
    <p class='ocr_par' dir='ltr' id='par_1_1' title="bbox 143 167 720 238">
     <span class='ocr_line' id='line_1_1' title="bbox 143 167 720 238; baseline 0.007 -18"><span class='ocrx_word' id='word_1_1' title='bbox 143 175 170 220; x_wconf 58' lang='grc' dir='ltr'>α’</span> <span class='ocrx_word' id='word_1_2' title='bbox 363 168 418 223; x_wconf 76' lang='lat' dir='ltr'>sn</span> <span class='ocrx_word' id='word_1_3' title='bbox 453 167 720 238; x_wconf 14' lang='lat' dir='ltr'>ushunuumu</span> 
     </span>
    </p>
   </div>
   <div class='ocr_carea' id='block_1_2' title="bbox 83 293 999 2732">
    <p class='ocr_par' dir='ltr' id='par_1_2' title="bbox 87 293 999 905">
     <span class='ocr_line' id='line_1_2' title="bbox 87 293 946 361; baseline 0.012 -18"><span class='ocrx_word' id='word_1_4' title='bbox 87 311 94 316; x_wconf 89' lang='lat'><strong>·</strong></span> <span class='ocrx_word' id='word_1_5' title='bbox 144 307 232 345; x_wconf 85' lang='lat' dir='ltr'>tamen</span> <span class='ocrx_word' id='word_1_6' title='bbox 243 306 287 345; x_wconf 81' lang='lat' dir='ltr'>tua</span> <span class='ocrx_word' id='word_1_7' title='bbox 297 311 354 356; x_wconf 89' lang='lat' dir='ltr'>nos,</span> <span class='ocrx_word' id='word_1_8' title='bbox 368 293 399 345; x_wconf 87' lang='lat' dir='ltr'>C.</span> <span class='ocrx_word' id='word_1_9' title='bbox 412 296 541 357; x_wconf 83' lang='lat' dir='ltr'>Herenni,</span> <span class='ocrx_word' id='word_1_10' title='bbox 557 297 677 347; x_wconf 80' lang='lat' dir='ltr'>voluntas</span> <span class='ocrx_word' id='word_1_11' title='bbox 689 302 848 361; x_wconf 76' lang='lat' dir='ltr'>commorit,</span> <span class='ocrx_word' id='word_1_12' title='bbox 865 314 896 350; x_wconf 88' lang='lat' dir='ltr'>ut</span> <span class='ocrx_word' id='word_1_13' title='bbox 911 303 946 353; x_wconf 82' lang='lat' dir='ltr'>da</span> 
     </span>
     <span class='ocr_line' id='line_1_3' title="bbox 144 362 947 429; baseline 0.01 -17"><span class='ocrx_word' id='word_1_14' title='bbox 144 365 244 412; x_wconf 72' lang='lat' dir='ltr'>ratione</span> <span class='ocrx_word' id='word_1_15' title='bbox 263 362 368 429; x_wconf 80' lang='lat' dir='ltr'>dicendi</span> <span class='ocrx_word' id='word_1_16' title='bbox 382 365 618 427; x_wconf 74' lang='lat' dir='ltr'>conscriberemus,</span> <span class='ocrx_word' id='word_1_17' title='bbox 637 384 671 413; x_wconf 90' lang='lat' dir='ltr'>ne</span> <span class='ocrx_word' id='word_1_18' title='bbox 684 377 728 414; x_wconf 89' lang='lat' dir='ltr'>aut</span> <span class='ocrx_word' id='word_1_19' title='bbox 749 378 792 416; x_wconf 87' lang='lat' dir='ltr'>tua</span> <span class='ocrx_word' id='word_1_20' title='bbox 808 385 883 417; x_wconf 86' lang='lat' dir='ltr'>causa</span> <span class='ocrx_word' id='word_1_21' title='bbox 896 367 947 420; x_wconf 79' lang='lat' dir='ltr'>iro·</span> 
     </span>
     <span class='ocr_line' id='line_1_4' title="bbox 144 430 946 499; baseline 0.01 -21"><span class='ocrx_word' id='word_1_22' title='bbox 144 430 223 479; x_wconf 88' lang='lat' dir='ltr'>luisse</span> <span class='ocrx_word' id='word_1_23' title='bbox 238 448 295 493; x_wconf 86' lang='lat' dir='ltr'>uos,</span> <span class='ocrx_word' id='word_1_24' title='bbox 313 442 357 480; x_wconf 86' lang='lat' dir='ltr'>aut</span> <span class='ocrx_word' id='word_1_25' title='bbox 372 432 468 496; x_wconf 75' lang='lat' dir='ltr'>fugisse</span> <span class='ocrx_word' id='word_1_26' title='bbox 482 432 602 482; x_wconf 86' lang='lat' dir='ltr'>laborem</span> <span class='ocrx_word' id='word_1_27' title='bbox 616 446 729 499; x_wconf 79' lang='lat' dir='ltr'>putares.</span> <span class='ocrx_word' id='word_1_28' title='bbox 748 433 783 481; x_wconf 88' lang='lat' dir='ltr'>Et</span> <span class='ocrx_word' id='word_1_29' title='bbox 799 452 830 483; x_wconf 92' lang='lat' dir='ltr'>eo</span> <span class='ocrx_word' id='word_1_30' title='bbox 846 436 946 486; x_wconf 87' lang='lat' dir='ltr'>studio·</span> 
     </span>
     <span class='ocr_line' id='line_1_5' title="bbox 146 498 966 568; baseline 0.009 -21"><span class='ocrx_word' id='word_1_31' title='bbox 146 500 197 547; x_wconf 87' lang='lat' dir='ltr'>sius</span> <span class='ocrx_word' id='word_1_32' title='bbox 209 498 259 568; x_wconf 81' lang='lat' dir='ltr'>boo</span> <span class='ocrx_word' id='word_1_33' title='bbox 273 500 408 564; x_wconf 71' lang='lat' dir='ltr'>negotianti</span> <span class='ocrx_word' id='word_1_34' title='bbox 425 500 595 566; x_wconf 80' lang='lat' dir='ltr'>suscepimus,</span> <span class='ocrx_word' id='word_1_35' title='bbox 613 500 683 565; x_wconf 89' lang='lat' dir='ltr'>quod</span> <span class='ocrx_word' id='word_1_36' title='bbox 696 513 722 549; x_wconf 88' lang='lat' dir='ltr'>te</span> <span class='ocrx_word' id='word_1_37' title='bbox 733 517 787 550; x_wconf 91' lang='lat' dir='ltr'>non</span> <span class='ocrx_word' id='word_1_38' title='bbox 799 504 854 551; x_wconf 87' lang='lat' dir='ltr'>sine</span> <span class='ocrx_word' id='word_1_39' title='bbox 869 502 966 555; x_wconf 59' lang='lat' dir='ltr'>causa*</span> 
     </span>
     <span class='ocr_line' id='line_1_6' title="bbox 144 563 946 633; baseline 0.005 -16"><span class='ocrx_word' id='word_1_40' title='bbox 144 563 211 617; x_wconf 76' lang='lat' dir='ltr'>telle</span> <span class='ocrx_word' id='word_1_41' title='bbox 223 582 379 632; x_wconf 75' lang='lat' dir='ltr'>cognoscere</span> <span class='ocrx_word' id='word_1_42' title='bbox 388 567 548 621; x_wconf 77' lang='lat' dir='ltr'>rhetoricam</span> <span class='ocrx_word' id='word_1_43' title='bbox 560 569 781 633; x_wconf 77' lang='lat' dir='ltr'>intelligebamus.</span> <span class='ocrx_word' id='word_1_44' title='bbox 804 570 865 619; x_wconf 85' lang='lat' dir='ltr'>Non</span> <span class='ocrx_word' id='word_1_45' title='bbox 873 573 946 622; x_wconf 84' lang='lat' dir='ltr'>enim</span> 
     </span>
     <span class='ocr_line' id='line_1_7' title="bbox 143 635 946 701; baseline 0.006 -18"><span class='ocrx_word' id='word_1_46' title='bbox 143 650 239 701; x_wconf 85' lang='lat' dir='ltr'>parum</span> <span class='ocrx_word' id='word_1_47' title='bbox 258 636 285 683; x_wconf 89' lang='lat' dir='ltr'>in</span> <span class='ocrx_word' id='word_1_48' title='bbox 302 653 328 684; x_wconf 89' lang='lat' dir='ltr'>se</span> <span class='ocrx_word' id='word_1_49' title='bbox 342 635 450 685; x_wconf 79' lang='lat' dir='ltr'>fructus·</span> <span class='ocrx_word' id='word_1_50' title='bbox 462 635 541 685; x_wconf 84' lang='lat' dir='ltr'>habet</span> <span class='ocrx_word' id='word_1_51' title='bbox 558 636 632 701; x_wconf 86' lang='lat' dir='ltr'>copia</span> <span class='ocrx_word' id='word_1_52' title='bbox 642 636 768 696; x_wconf 82' lang='lat' dir='ltr'>-dicendi,</span> <span class='ocrx_word' id='word_1_53' title='bbox 787 650 813 686; x_wconf 88' lang='lat' dir='ltr'>et</span> <span class='ocrx_word' id='word_1_54' title='bbox 828 655 946 688; x_wconf 88' lang='lat' dir='ltr'>commo·</span> 
     </span>
     <span class='ocr_line' id='line_1_8' title="bbox 145 695 999 769; baseline 0.001 -18"><span class='ocrx_word' id='word_1_55' title='bbox 145 695 214 752; x_wconf 71' lang='lat' dir='ltr'>dit‘a&#39;s</span> <span class='ocrx_word' id='word_1_56' title='bbox 230 704 370 765; x_wconf 80' lang='lat' dir='ltr'>orationis,</span> <span class='ocrx_word' id='word_1_57' title='bbox 387 704 409 752; x_wconf 88' lang='lat' dir='ltr'>si</span> <span class='ocrx_word' id='word_1_58' title='bbox 421 715 497 754; x_wconf 73' lang='lat' dir='ltr'>‘recta</span> <span class='ocrx_word' id='word_1_59' title='bbox 517 704 690 769; x_wconf 77' lang='lat' dir='ltr'>intelligentia</span> <span class='ocrx_word' id='word_1_60' title='bbox 709 717 735 753; x_wconf 88' lang='lat' dir='ltr'>et</span> <span class='ocrx_word' id='word_1_61' title='bbox 747 704 852 754; x_wconf 84' lang='lat' dir='ltr'>definita</span> <span class='ocrx_word' id='word_1_62' title='bbox 863 708 946 756; x_wconf 86' lang='lat' dir='ltr'>animi</span> <span class='ocrx_word' id='word_1_63' title='bbox 998 747 999 752; x_wconf 72' lang='grc'>,</span> 
     </span>
     <span class='ocr_line' id='line_1_9' title="bbox 143 768 999 838; baseline 0.006 -19"><span class='ocrx_word' id='word_1_64' title='bbox 143 768 322 821; x_wconf 82' lang='lat' dir='ltr'>moderatione</span> <span class='ocrx_word' id='word_1_65' title='bbox 335 770 513 837; x_wconf 85' lang='lat' dir='ltr'>gubernetur.‘</span> <span class='ocrx_word' id='word_1_66' title='bbox 521 770 594 833; x_wconf 86' lang='lat' dir='ltr'>Quas</span> <span class='ocrx_word' id='word_1_67' title='bbox 607 771 641 820; x_wconf 92' lang='lat' dir='ltr'>ob</span> <span class='ocrx_word' id='word_1_68' title='bbox 657 789 698 821; x_wconf 91' lang='lat' dir='ltr'>res</span> <span class='ocrx_word' id='word_1_69' title='bbox 711 772 766 834; x_wconf 87' lang='lat' dir='ltr'>illa,</span> <span class='ocrx_word' id='word_1_70' title='bbox 776 790 841 838; x_wconf 85' lang='lat' dir='ltr'>quae</span> <span class='ocrx_word' id='word_1_71' title='bbox 849 771 957 824; x_wconf 82' lang='lat' dir='ltr'>Graeci</span> <span class='ocrx_word' id='word_1_72' title='bbox 998 801 999 804; x_wconf 58' lang='lat'><em>=</em></span> 
     </span>
     <span class='ocr_line' id='line_1_10' title="bbox 142 838 945 905; baseline 0.001 -16"><span class='ocrx_word' id='word_1_73' title='bbox 142 839 284 905; x_wconf 84' lang='lat' dir='ltr'>scriptores</span> <span class='ocrx_word' id='word_1_74' title='bbox 305 838 389 888; x_wconf 87' lang='lat' dir='ltr'>inanis</span> <span class='ocrx_word' id='word_1_75' title='bbox 412 839 574 905; x_wconf 78' lang='lat' dir='ltr'>arrogantiae</span> <span class='ocrx_word' id='word_1_76' title='bbox 593 839 735 890; x_wconf 85' lang='lat' dir='ltr'>causasibi</span> <span class='ocrx_word' id='word_1_77' title='bbox 758 854 945 905; x_wconf 71' lang='lat' dir='ltr'>assumserunt,</span> 
     </span>
    </p>

    <p class='ocr_par' dir='ltr' id='par_1_3' title="bbox 102 905 948 1510">
     <span class='ocr_line' id='line_1_11' title="bbox 129 905 945 973; baseline 0.006 -18"><span class='ocrx_word' id='word_1_78' title='bbox 129 907 307 972; x_wconf 69' lang='lat' dir='ltr'>reliquimus.</span> <span class='ocrx_word' id='word_1_79' title='bbox 335 905 406 957; x_wconf 79' lang='lat' dir='ltr'>Nam</span> <span class='ocrx_word' id='word_1_80' title='bbox 418 908 468 969; x_wconf 91' lang='lat' dir='ltr'>illi,</span> <span class='ocrx_word' id='word_1_81' title='bbox 483 926 517 957; x_wconf 93' lang='lat' dir='ltr'>ne</span> <span class='ocrx_word' id='word_1_82' title='bbox 533 924 628 973; x_wconf 81' lang='lat' dir='ltr'>parum</span> <span class='ocrx_word' id='word_1_83' title='bbox 640 909 725 957; x_wconf 87' lang='lat' dir='ltr'>multa</span> <span class='ocrx_word' id='word_1_84' title='bbox 737 909 814 958; x_wconf 85' lang='lat' dir='ltr'>scisse</span> <span class='ocrx_word' id='word_1_85' title='bbox 826 909 945 960; x_wconf 80' lang='lat' dir='ltr'>videren-</span> 
     </span>
     <span class='ocr_line' id='line_1_12' title="bbox 135 974 945 1040; baseline 0.005 -17"><span class='ocrx_word' id='word_1_86' title='bbox 135 985 203 1035; x_wconf 68' lang='lat' dir='ltr'>tur,</span> <span class='ocrx_word' id='word_1_87' title='bbox 220 991 249 1023; x_wconf 84' lang='lat' dir='ltr'>ea</span> <span class='ocrx_word' id='word_1_88' title='bbox 270 976 481 1039; x_wconf 86' lang='lat' dir='ltr'>conquisierunt,</span> <span class='ocrx_word' id='word_1_89' title='bbox 500 993 566 1040; x_wconf 88' lang='lat' dir='ltr'>quae</span> <span class='ocrx_word' id='word_1_90' title='bbox 583 974 650 1032; x_wconf 89' lang='lat' dir='ltr'>nibil</span> <span class='ocrx_word' id='word_1_91' title='bbox 669 976 830 1038; x_wconf 78' lang='lat' dir='ltr'>attinebant,</span> <span class='ocrx_word' id='word_1_92' title='bbox 848 989 878 1027; x_wconf 86' lang='lat' dir='ltr'>ut</span> <span class='ocrx_word' id='word_1_93' title='bbox 902 994 945 1027; x_wconf 83' lang='lat' dir='ltr'>ars</span> 
     </span>
     <span class='ocr_line' id='line_1_13' title="bbox 143 1040 947 1109; baseline 0 -15"><span class='ocrx_word' id='word_1_94' title='bbox 143 1040 280 1094; x_wconf 77' lang='lat' dir='ltr'>disfiessior</span> <span class='ocrx_word' id='word_1_95' title='bbox 292 1043 397 1108; x_wconf 88' lang='lat' dir='ltr'>cognitu</span> <span class='ocrx_word' id='word_1_96' title='bbox 408 1054 559 1109; x_wconf 85' lang='lat' dir='ltr'>putaretur:</span> <span class='ocrx_word' id='word_1_97' title='bbox 576 1060 624 1091; x_wconf 89' lang='lat' dir='ltr'>nos</span> <span class='ocrx_word' id='word_1_98' title='bbox 639 1055 728 1094; x_wconf 87' lang='lat' dir='ltr'>autem</span> <span class='ocrx_word' id='word_1_99' title='bbox 743 1059 781 1106; x_wconf 82' lang='lat' dir='ltr'>ea,</span> <span class='ocrx_word' id='word_1_100' title='bbox 798 1059 863 1109; x_wconf 78' lang='lat' dir='ltr'>quae</span> <span class='ocrx_word' id='word_1_101' title='bbox 874 1044 947 1096; x_wconf 80' lang='lat' dir='ltr'>vide·</span> 
     </span>
     <span class='ocr_line' id='line_1_14' title="bbox 142 1108 946 1176; baseline 0.005 -18"><span class='ocrx_word' id='word_1_102' title='bbox 142 1108 240 1159; x_wconf 91' lang='lat' dir='ltr'>bantur</span> <span class='ocrx_word' id='word_1_103' title='bbox 253 1109 286 1159; x_wconf 90' lang='lat' dir='ltr'>ad</span> <span class='ocrx_word' id='word_1_104' title='bbox 298 1111 426 1159; x_wconf 90' lang='lat' dir='ltr'>rationem</span> <span class='ocrx_word' id='word_1_105' title='bbox 444 1108 549 1159; x_wconf 87' lang='lat' dir='ltr'>dicendi</span> <span class='ocrx_word' id='word_1_106' title='bbox 563 1111 703 1176; x_wconf 84' lang='lat' dir='ltr'>pertinere,</span> <span class='ocrx_word' id='word_1_107' title='bbox 720 1113 874 1164; x_wconf 81' lang='lat' dir='ltr'>sumsimus:</span> <span class='ocrx_word' id='word_1_108' title='bbox 892 1130 946 1162; x_wconf 88' lang='lat' dir='ltr'>non</span> 
     </span>
     <span class='ocr_line' id='line_1_15' title="bbox 144 1178 947 1244; baseline 0.005 -18"><span class='ocrx_word' id='word_1_109' title='bbox 144 1180 216 1228; x_wconf 80' lang='lat' dir='ltr'>anim</span> <span class='ocrx_word' id='word_1_110' title='bbox 233 1196 277 1244; x_wconf 90' lang='lat' dir='ltr'>spe</span> <span class='ocrx_word' id='word_1_111' title='bbox 298 1190 436 1244; x_wconf 74' lang='lat' dir='ltr'>quaestus,</span> <span class='ocrx_word' id='word_1_112' title='bbox 459 1190 505 1228; x_wconf 90' lang='lat' dir='ltr'>aut</span> <span class='ocrx_word' id='word_1_113' title='bbox 526 1179 610 1243; x_wconf 87' lang='lat' dir='ltr'>gloria</span> <span class='ocrx_word' id='word_1_114' title='bbox 626 1178 762 1229; x_wconf 86' lang='lat' dir='ltr'>commodi</span> <span class='ocrx_word' id='word_1_115' title='bbox 774 1182 890 1229; x_wconf 79' lang='lat' dir='ltr'>venimus</span> <span class='ocrx_word' id='word_1_116' title='bbox 910 1178 947 1230; x_wconf 82' lang='lat' dir='ltr'>ad</span> 
     </span>
     <span class='ocr_line' id='line_1_16' title="bbox 141 1241 948 1309; baseline 0.002 -14"><span class='ocrx_word' id='word_1_117' title='bbox 141 1244 328 1305; x_wconf 84' lang='lat' dir='ltr'>scribendum,</span> <span class='ocrx_word' id='word_1_118' title='bbox 348 1241 575 1309; x_wconf 87' lang='lat' dir='ltr'>quemadmodum</span> <span class='ocrx_word' id='word_1_119' title='bbox 589 1248 682 1309; x_wconf 66' lang='lat' dir='ltr'>ceteri,</span> <span class='ocrx_word' id='word_1_120' title='bbox 701 1245 747 1295; x_wconf 89' lang='lat' dir='ltr'>sed</span> <span class='ocrx_word' id='word_1_121' title='bbox 769 1258 799 1294; x_wconf 91' lang='lat' dir='ltr'>ut</span> <span class='ocrx_word' id='word_1_122' title='bbox 816 1245 948 1297; x_wconf 85' lang='lat' dir='ltr'>industria</span> 
     </span>
     <span class='ocr_line' id='line_1_17' title="bbox 147 1312 947 1378; baseline -0.005 -17"><span class='ocrx_word' id='word_1_123' title='bbox 147 1324 237 1362; x_wconf 87' lang='lat' dir='ltr'>nostra</span> <span class='ocrx_word' id='word_1_124' title='bbox 257 1324 316 1361; x_wconf 81' lang='lat' dir='ltr'>tuae</span> <span class='ocrx_word' id='word_1_125' title='bbox 334 1328 436 1362; x_wconf 88' lang='lat' dir='ltr'>morem</span> <span class='ocrx_word' id='word_1_126' title='bbox 448 1330 569 1378; x_wconf 80' lang='lat' dir='ltr'>geramus</span> <span class='ocrx_word' id='word_1_127' title='bbox 585 1314 722 1363; x_wconf 79' lang='lat' dir='ltr'>voluntati.</span> <span class='ocrx_word' id='word_1_128' title='bbox 755 1312 840 1372; x_wconf 85' lang='lat' dir='ltr'>Nunc,</span> <span class='ocrx_word' id='word_1_129' title='bbox 857 1331 889 1362; x_wconf 92' lang='lat' dir='ltr'>ne</span> <span class='ocrx_word' id='word_1_130' title='bbox 907 1316 947 1363; x_wconf 86' lang='lat' dir='ltr'>ni.</span> 
     </span>
     <span class='ocr_line' id='line_1_18' title="bbox 144 1377 946 1446; baseline 0.002 -18"><span class='ocrx_word' id='word_1_131' title='bbox 144 1381 229 1429; x_wconf 90' lang='lat' dir='ltr'>mlum</span> <span class='ocrx_word' id='word_1_132' title='bbox 244 1377 332 1445; x_wconf 75' lang='lat' dir='ltr'>longa&#39;</span> <span class='ocrx_word' id='word_1_133' title='bbox 342 1393 459 1429; x_wconf 81' lang='lat' dir='ltr'>sumatur</span> <span class='ocrx_word' id='word_1_134' title='bbox 472 1382 572 1443; x_wconf 83' lang='lat' dir='ltr'>oratio,</span> <span class='ocrx_word' id='word_1_135' title='bbox 592 1379 625 1429; x_wconf 89' lang='lat' dir='ltr'>de</span> <span class='ocrx_word' id='word_1_136' title='bbox 638 1400 665 1432; x_wconf 83' lang='lat' dir='ltr'>re</span> <span class='ocrx_word' id='word_1_137' title='bbox 678 1379 764 1431; x_wconf 80' lang='lat' dir='ltr'>dicere</span> <span class='ocrx_word' id='word_1_138' title='bbox 776 1380 946 1446; x_wconf 76' lang='lat' dir='ltr'>incipiemus3</span> 
     </span>
     <span class='ocr_line' id='line_1_19' title="bbox 102 1447 946 1510; baseline 0 -11"><span class='ocrx_word' id='word_1_139' title='bbox 102 1457 106 1465; x_wconf 91' lang='lat'>&#39;</span> <span class='ocrx_word' id='word_1_140' title='bbox 145 1449 167 1499; x_wconf 84' lang='lat' dir='ltr'>si</span> <span class='ocrx_word' id='word_1_141' title='bbox 180 1460 205 1498; x_wconf 91' lang='lat' dir='ltr'>te</span> <span class='ocrx_word' id='word_1_142' title='bbox 217 1464 302 1498; x_wconf 89' lang='lat' dir='ltr'>unum</span> <span class='ocrx_word' id='word_1_143' title='bbox 318 1447 386 1499; x_wconf 89' lang='lat' dir='ltr'>illud</span> <span class='ocrx_word' id='word_1_144' title='bbox 406 1450 599 1510; x_wconf 75' lang='lat' dir='ltr'>messuerimus,</span> <span class='ocrx_word' id='word_1_145' title='bbox 618 1461 702 1499; x_wconf 86' lang='lat' dir='ltr'>artem</span> <span class='ocrx_word' id='word_1_146' title='bbox 721 1450 775 1500; x_wconf 87' lang='lat' dir='ltr'>sine</span> <span class='ocrx_word' id='word_1_147' title='bbox 794 1448 946 1499; x_wconf 83' lang='lat' dir='ltr'>assiduitate</span> 
     </span>
    </p>

    <p class='ocr_par' dir='ltr' id='par_1_4' title="bbox 83 1514 947 1652">
     <span class='ocr_line' id='line_1_20' title="bbox 83 1514 946 1583; baseline -0.001 -17"><span class='ocrx_word' id='word_1_148' title='bbox 83 1528 85 1531; x_wconf 85' lang='lat'>&#39;</span> <span class='ocrx_word' id='word_1_149' title='bbox 144 1516 250 1567; x_wconf 88' lang='lat' dir='ltr'>dicendi</span> <span class='ocrx_word' id='word_1_150' title='bbox 261 1532 313 1566; x_wconf 84' lang='lat' dir='ltr'>non</span> <span class='ocrx_word' id='word_1_151' title='bbox 328 1518 443 1566; x_wconf 88' lang='lat' dir='ltr'>multum</span> <span class='ocrx_word' id='word_1_152' title='bbox 454 1519 556 1567; x_wconf 83' lang='lat' dir='ltr'>iuvare:</span> <span class='ocrx_word' id='word_1_153' title='bbox 575 1529 604 1575; x_wconf 79' lang='lat' dir='ltr'>ut</span> <span class='ocrx_word' id='word_1_154' title='bbox 620 1518 766 1583; x_wconf 85' lang='lat' dir='ltr'>intelligas,</span> <span class='ocrx_word' id='word_1_155' title='bbox 784 1514 851 1566; x_wconf 75' lang='lat' dir='ltr'>lianc</span> <span class='ocrx_word' id='word_1_156' title='bbox 866 1518 946 1565; x_wconf 84' lang='lat' dir='ltr'>ratio-</span> 
     </span>
     <span class='ocr_line' id='line_1_21' title="bbox 143 1580 947 1652; baseline 0.002 -18"><span class='ocrx_word' id='word_1_157' title='bbox 143 1601 205 1635; x_wconf 83' lang='lat' dir='ltr'>nem</span> <span class='ocrx_word' id='word_1_158' title='bbox 228 1586 417 1652; x_wconf 82' lang='lat' dir='ltr'>praeceptionis</span> <span class='ocrx_word' id='word_1_159' title='bbox 450 1585 484 1635; x_wconf 89' lang='lat' dir='ltr'>ad</span> <span class='ocrx_word' id='word_1_160' title='bbox 513 1580 727 1636; x_wconf 74' lang='lat' dir='ltr'>exercitationem</span> <span class='ocrx_word' id='word_1_161' title='bbox 750 1584 947 1636; x_wconf 84' lang='lat' dir='ltr'>accommodari</span> 
     </span>
    </p>

    <p class='ocr_par' dir='ltr' id='par_1_5' title="bbox 127 1650 954 1719">
     <span class='ocr_line' id='line_1_22' title="bbox 127 1650 954 1719; baseline 0.008 -18"><span class='ocrx_word' id='word_1_162' title='bbox 127 1650 274 1719; x_wconf 66' lang='lat' dir='ltr'>&#39;oportere</span> <span class='ocrx_word' id='word_1_163' title='bbox 587 1662 590 1667; x_wconf 77' lang='grc'>’</span> <span class='ocrx_word' id='word_1_164' title='bbox 910 1694 912 1697; x_wconf 89' lang='grc'>-</span> <span class='ocrx_word' id='word_1_165' title='bbox 945 1698 954 1708; x_wconf 91' lang='grc'>.</span> 
     </span>
    </p>

    <p class='ocr_par' dir='ltr' id='par_1_6' title="bbox 196 1716 958 1782">
     <span class='ocr_line' id='line_1_23' title="bbox 196 1716 958 1782; baseline -0.003 -12"><span class='ocrx_word' id='word_1_166' title='bbox 196 1719 233 1770; x_wconf 87' lang='grc' dir='ltr'>ΙΙ.</span> <span class='ocrx_word' id='word_1_167' title='bbox 269 1720 389 1771; x_wconf 85' lang='lat' dir='ltr'>Oratoris</span> <span class='ocrx_word' id='word_1_168' title='bbox 405 1721 522 1770; x_wconf 75' lang='lat' dir='ltr'>officinm</span> <span class='ocrx_word' id='word_1_169' title='bbox 535 1729 589 1777; x_wconf 85' lang='lat' dir='ltr'>est,</span> <span class='ocrx_word' id='word_1_170' title='bbox 607 1716 641 1767; x_wconf 88' lang='lat' dir='ltr'>de</span> <span class='ocrx_word' id='word_1_171' title='bbox 659 1718 699 1766; x_wconf 87' lang='lat' dir='ltr'>his</span> <span class='ocrx_word' id='word_1_172' title='bbox 718 1716 796 1766; x_wconf 88' lang='lat' dir='ltr'>rebus</span> <span class='ocrx_word' id='word_1_173' title='bbox 813 1716 958 1782; x_wconf 73' lang='lat' dir='ltr'>posse‘di·.</span> 
     </span>
    </p>

    <p class='ocr_par' dir='ltr' id='par_1_7' title="bbox 146 1783 977 1855">
     <span class='ocr_line' id='line_1_24' title="bbox 146 1783 977 1855; baseline -0.005 -19"><span class='ocrx_word' id='word_1_174' title='bbox 146 1803 219 1851; x_wconf 83' lang='lat' dir='ltr'>sere,</span> <span class='ocrx_word' id='word_1_175' title='bbox 238 1786 303 1855; x_wconf 78' lang='lat' dir='ltr'>quae</span> <span class='ocrx_word' id='word_1_176' title='bbox 323 1806 364 1838; x_wconf 87' lang='lat' dir='ltr'>res</span> <span class='ocrx_word' id='word_1_177' title='bbox 385 1788 419 1839; x_wconf 83' lang='lat' dir='ltr'>ad</span> <span class='ocrx_word' id='word_1_178' title='bbox 438 1804 517 1838; x_wconf 85' lang='lat' dir='ltr'>usum</span> <span class='ocrx_word' id='word_1_179' title='bbox 536 1786 640 1836; x_wconf 80' lang='lat' dir='ltr'>civilem</span> <span class='ocrx_word' id='word_1_180' title='bbox 658 1784 777 1833; x_wconf 86' lang='lat' dir='ltr'>moribus</span> <span class='ocrx_word' id='word_1_181' title='bbox 795 1802 823 1833; x_wconf 87' lang='lat' dir='ltr'>ac</span> <span class='ocrx_word' id='word_1_182' title='bbox 840 1783 944 1849; x_wconf 80' lang='lat' dir='ltr'>legibus</span> <span class='ocrx_word' id='word_1_183' title='bbox 975 1837 977 1841; x_wconf 65' lang='lat'>,</span> 
     </span>
    </p>

    <p class='ocr_par' dir='ltr' id='par_1_8' title="bbox 147 1850 948 1917">
     <span class='ocr_line' id='line_1_25' title="bbox 147 1850 948 1917; baseline -0.005 -12"><span class='ocrx_word' id='word_1_184' title='bbox 147 1857 304 1909; x_wconf 87' lang='lat' dir='ltr'>constitutae</span> <span class='ocrx_word' id='word_1_185' title='bbox 323 1866 401 1916; x_wconf 90' lang='lat' dir='ltr'>sunt,</span> <span class='ocrx_word' id='word_1_186' title='bbox 418 1872 482 1905; x_wconf 88' lang='lat' dir='ltr'>cum</span> <span class='ocrx_word' id='word_1_187' title='bbox 501 1854 647 1904; x_wconf 88' lang='lat' dir='ltr'>assensione</span> <span class='ocrx_word' id='word_1_188' title='bbox 667 1850 832 1913; x_wconf 85' lang='lat' dir='ltr'>auditorum,</span> <span class='ocrx_word' id='word_1_189' title='bbox 856 1850 948 1917; x_wconf 25' lang='lat' dir='ltr'>quoad,</span> 
     </span>
    </p>

    <p class='ocr_par' dir='ltr' id='par_1_9' title="bbox 146 1925 972 2417">
     <span class='ocr_line' id='line_1_26' title="bbox 146 1925 945 1989; baseline -0.005 -17"><span class='ocrx_word' id='word_1_190' title='bbox 146 1925 201 1973; x_wconf 83' lang='lat' dir='ltr'>eius</span> <span class='ocrx_word' id='word_1_191' title='bbox 218 1925 273 1975; x_wconf 83' lang='lat' dir='ltr'>deri</span> <span class='ocrx_word' id='word_1_192' title='bbox 291 1925 395 1989; x_wconf 83' lang='lat' dir='ltr'>poterit.</span> <span class='ocrx_word' id='word_1_193' title='bbox 431 1925 494 1972; x_wconf 86' lang='lat' dir='ltr'>Tria</span> <span class='ocrx_word' id='word_1_194' title='bbox 515 1933 576 1971; x_wconf 89' lang='lat' dir='ltr'>sunt</span> <span class='ocrx_word' id='word_1_195' title='bbox 592 1939 686 1985; x_wconf 82' lang='lat' dir='ltr'>genera</span> <span class='ocrx_word' id='word_1_196' title='bbox 705 1936 856 1978; x_wconf 67' lang='lat' dir='ltr'>caussarum,</span> <span class='ocrx_word' id='word_1_197' title='bbox 879 1936 945 1983; x_wconf 86' lang='lat' dir='ltr'>quae</span> 
     </span>
     <span class='ocr_line' id='line_1_27' title="bbox 146 1984 945 2056; baseline -0.006 -16"><span class='ocrx_word' id='word_1_198' title='bbox 146 1992 261 2056; x_wconf 86' lang='lat' dir='ltr'>recipcre</span> <span class='ocrx_word' id='word_1_199' title='bbox 268 1989 346 2038; x_wconf 88' lang='lat' dir='ltr'>debet</span> <span class='ocrx_word' id='word_1_200' title='bbox 358 2002 447 2038; x_wconf 85' lang='lat' dir='ltr'>orator</span> <span class='ocrx_word' id='word_1_201' title='bbox 456 1995 470 2032; x_wconf 66' lang='grc' dir='ltr'><strong><em>ἴ</em></strong></span> <span class='ocrx_word' id='word_1_202' title='bbox 476 1989 718 2045; x_wconf 66' lang='lat' dir='ltr'>‹lemonmatimm</span> <span class='ocrx_word' id='word_1_203' title='bbox 733 1984 945 2048; x_wconf 85' lang='lat' dir='ltr'>deliberativum,</span> 
     </span>
     <span class='ocr_line' id='line_1_28' title="bbox 150 2052 947 2116; baseline -0.006 -9"><span class='ocrx_word' id='word_1_204' title='bbox 150 2059 282 2107; x_wconf 83' lang='lat' dir='ltr'>iudic&#39;ale.</span> <span class='ocrx_word' id='word_1_205' title='bbox 315 2056 559 2105; x_wconf 75' lang='lat' dir='ltr'>Demonstratirum</span> <span class='ocrx_word' id='word_1_206' title='bbox 574 2065 627 2110; x_wconf 86' lang='lat' dir='ltr'>est,</span> <span class='ocrx_word' id='word_1_207' title='bbox 646 2052 717 2116; x_wconf 90' lang='lat' dir='ltr'>quod</span> <span class='ocrx_word' id='word_1_208' title='bbox 727 2052 853 2101; x_wconf 85' lang='lat' dir='ltr'>tribuitur</span> <span class='ocrx_word' id='word_1_209' title='bbox 860 2055 887 2102; x_wconf 92' lang='lat' dir='ltr'>in</span> <span class='ocrx_word' id='word_1_210' title='bbox 898 2055 947 2103; x_wconf 86' lang='lat' dir='ltr'>ali-</span> 
     </span>
     <span class='ocr_line' id='line_1_29' title="bbox 147 2119 945 2188; baseline -0.006 -13"><span class='ocrx_word' id='word_1_211' title='bbox 147 2128 220 2175; x_wconf 84' lang='lat' dir='ltr'>euius</span> <span class='ocrx_word' id='word_1_212' title='bbox 234 2138 319 2174; x_wconf 85' lang='lat' dir='ltr'>certae</span> <span class='ocrx_word' id='word_1_213' title='bbox 329 2139 455 2188; x_wconf 75' lang='lat' dir='ltr'>personae</span> <span class='ocrx_word' id='word_1_214' title='bbox 466 2119 576 2169; x_wconf 55' lang='lat' dir='ltr'>‘larrdem</span> <span class='ocrx_word' id='word_1_215' title='bbox 584 2121 625 2168; x_wconf 83' lang='lat' dir='ltr'>vel</span> <span class='ocrx_word' id='word_1_216' title='bbox 633 2121 863 2186; x_wconf 84' lang='lat' dir='ltr'>vituperationem:</span> <span class='ocrx_word' id='word_1_217' title='bbox 878 2120 945 2170; x_wconf 88' lang='lat' dir='ltr'>deli·</span> 
     </span>
     <span class='ocr_line' id='line_1_30' title="bbox 146 2187 947 2257; baseline -0.006 -14"><span class='ocrx_word' id='word_1_218' title='bbox 146 2194 293 2249; x_wconf 79' lang='lat' dir='ltr'>iterativum</span> <span class='ocrx_word' id='word_1_219' title='bbox 309 2203 360 2251; x_wconf 87' lang='lat' dir='ltr'>est,</span> <span class='ocrx_word' id='word_1_220' title='bbox 378 2188 449 2255; x_wconf 87' lang='lat' dir='ltr'>quod</span> <span class='ocrx_word' id='word_1_221' title='bbox 460 2190 487 2238; x_wconf 89' lang='lat' dir='ltr'>in</span> <span class='ocrx_word' id='word_1_222' title='bbox 509 2187 847 2257; x_wconf 77' lang='lat' dir='ltr'>consultationepositum,</span> <span class='ocrx_word' id='word_1_223' title='bbox 862 2188 947 2238; x_wconf 81' lang='lat' dir='ltr'>babet</span> 
     </span>
     <span class='ocr_line' id='line_1_31' title="bbox 147 2254 947 2321; baseline -0.008 -10"><span class='ocrx_word' id='word_1_224' title='bbox 147 2262 175 2312; x_wconf 88' lang='lat' dir='ltr'>in</span> <span class='ocrx_word' id='word_1_225' title='bbox 190 2279 216 2310; x_wconf 87' lang='lat' dir='ltr'>se</span> <span class='ocrx_word' id='word_1_226' title='bbox 235 2261 382 2310; x_wconf 80' lang='lat' dir='ltr'>suasionem</span> <span class='ocrx_word' id='word_1_227' title='bbox 400 2269 426 2307; x_wconf 92' lang='lat' dir='ltr'>et</span> <span class='ocrx_word' id='word_1_228' title='bbox 445 2255 648 2307; x_wconf 81' lang='lat' dir='ltr'>dissuasionem:</span> <span class='ocrx_word' id='word_1_229' title='bbox 667 2254 788 2306; x_wconf 85' lang='lat' dir='ltr'>iudiciale</span> <span class='ocrx_word' id='word_1_230' title='bbox 802 2270 855 2319; x_wconf 89' lang='lat' dir='ltr'>est,</span> <span class='ocrx_word' id='word_1_231' title='bbox 873 2255 947 2321; x_wconf 84' lang='lat' dir='ltr'>quod</span> 
     </span>
     <span class='ocr_line' id='line_1_32' title="bbox 146 2324 972 2417; baseline -0.011 -38"><span class='ocrx_word' id='word_1_232' title='bbox 146 2330 262 2395; x_wconf 83' lang='lat' dir='ltr'>positum</span> <span class='ocrx_word' id='word_1_233' title='bbox 275 2329 301 2377; x_wconf 90' lang='lat' dir='ltr'>in</span> <span class='ocrx_word' id='word_1_234' title='bbox 316 2327 506 2387; x_wconf 79' lang='lat' dir='ltr'>controversia,</span> <span class='ocrx_word' id='word_1_235' title='bbox 524 2324 603 2374; x_wconf 85' lang='lat' dir='ltr'>babet</span> <span class='ocrx_word' id='word_1_236' title='bbox 616 2325 823 2385; x_wconf 83' lang='lat' dir='ltr'>accusationem,</span> <span class='ocrx_word' id='word_1_237' title='bbox 841 2335 886 2372; x_wconf 89' lang='lat' dir='ltr'>aut</span> <span class='ocrx_word' id='word_1_238' title='bbox 901 2324 972 2417; x_wconf 40' lang='lat' dir='ltr'>pest</span> 
     </span>
    </p>

    <p class='ocr_par' dir='ltr' id='par_1_10' title="bbox 148 2392 947 2529">
     <span class='ocr_line' id='line_1_33' title="bbox 148 2392 946 2460; baseline -0.006 -16"><span class='ocrx_word' id='word_1_239' title='bbox 148 2393 504 2447; x_wconf 82' lang='lat' dir='ltr'>titionemctundefensione.</span> <span class='ocrx_word' id='word_1_240' title='bbox 521 2393 607 2454; x_wconf 82' lang='lat' dir='ltr'>Nunc,</span> <span class='ocrx_word' id='word_1_241' title='bbox 622 2410 687 2460; x_wconf 88' lang='lat' dir='ltr'>quas</span> <span class='ocrx_word' id='word_1_242' title='bbox 699 2409 740 2441; x_wconf 90' lang='lat' dir='ltr'>res</span> <span class='ocrx_word' id='word_1_243' title='bbox 757 2393 887 2441; x_wconf 78' lang='lat' dir='ltr'>oratorem</span> <span class='ocrx_word' id='word_1_244' title='bbox 900 2392 917 2438; x_wconf 93' lang='lat' dir='ltr'>h</span> <span class='ocrx_word' id='word_1_245' title='bbox 935 2416 946 2432; x_wconf 75' lang='grc' dir='ltr'>ι</span> 
     </span>
     <span class='ocr_line' id='line_1_34' title="bbox 149 2459 947 2529; baseline -0.015 -13"><span class='ocrx_word' id='word_1_246' title='bbox 149 2462 210 2517; x_wconf 71' lang='lat' dir='ltr'>ltere</span> <span class='ocrx_word' id='word_1_247' title='bbox 220 2475 353 2529; x_wconf 86' lang='lat' dir='ltr'>oporteat,</span> <span class='ocrx_word' id='word_1_248' title='bbox 370 2460 539 2513; x_wconf 86' lang='lat' dir='ltr'>docebimus:</span> <span class='ocrx_word' id='word_1_249' title='bbox 558 2459 668 2522; x_wconf 81' lang='lat' dir='ltr'>deinde,</span> <span class='ocrx_word' id='word_1_250' title='bbox 679 2461 820 2526; x_wconf 73' lang='lat' dir='ltr'>quomodo</span> <span class='ocrx_word' id='word_1_251' title='bbox 828 2460 874 2507; x_wconf 88' lang='lat' dir='ltr'>bas</span> <span class='ocrx_word' id='word_1_252' title='bbox 884 2473 947 2505; x_wconf 82' lang='lat' dir='ltr'>cau·</span> 
     </span>
    </p>

    <p class='ocr_par' dir='ltr' id='par_1_11' title="bbox 149 2527 946 2597">
     <span class='ocr_line' id='line_1_35' title="bbox 149 2527 946 2597; baseline -0.009 -18"><span class='ocrx_word' id='word_1_253' title='bbox 149 2537 189 2579; x_wconf 81' lang='lat' dir='ltr'>sas</span> <span class='ocrx_word' id='word_1_254' title='bbox 198 2531 456 2593; x_wconf 77' lang='lat' dir='ltr'>tractariconveniat,</span> <span class='ocrx_word' id='word_1_255' title='bbox 471 2528 647 2581; x_wconf 84' lang='lat' dir='ltr'>ostendemus.</span> <span class='ocrx_word' id='word_1_256' title='bbox 683 2530 795 2592; x_wconf 86' lang='lat' dir='ltr'>Oportet</span> <span class='ocrx_word' id='word_1_257' title='bbox 804 2527 883 2591; x_wconf 86' lang='lat' dir='ltr'>igitur</span> <span class='ocrx_word' id='word_1_258' title='bbox 889 2542 946 2597; x_wconf 71' lang='lat' dir='ltr'>esse</span> 
     </span>
    </p>

    <p class='ocr_par' dir='ltr' id='par_1_12' title="bbox 147 2594 945 2732">
     <span class='ocr_line' id='line_1_36' title="bbox 147 2594 945 2663; baseline -0.008 -16"><span class='ocrx_word' id='word_1_259' title='bbox 147 2599 173 2648; x_wconf 88' lang='lat' dir='ltr'>iu</span> <span class='ocrx_word' id='word_1_260' title='bbox 194 2610 295 2648; x_wconf 78' lang='lat' dir='ltr'>oratore</span> <span class='ocrx_word' id='word_1_261' title='bbox 313 2599 501 2656; x_wconf 77' lang='lat' dir='ltr'>intentionem,</span> <span class='ocrx_word' id='word_1_262' title='bbox 521 2597 733 2663; x_wconf 84' lang='lat' dir='ltr'>dispositionem,</span> <span class='ocrx_word' id='word_1_263' title='bbox 759 2594 945 2650; x_wconf 73' lang='lat' dir='ltr'>elocutionem,</span> 
     </span>
     <span class='ocr_line' id='line_1_37' title="bbox 148 2660 945 2732; baseline -0.006 -16"><span class='ocrx_word' id='word_1_264' title='bbox 148 2668 309 2727; x_wconf 71' lang='lat' dir='ltr'>meritoriam</span> <span class='ocrx_word' id='word_1_265' title='bbox 320 2676 346 2717; x_wconf 84' lang='lat' dir='ltr'>et</span> <span class='ocrx_word' id='word_1_266' title='bbox 365 2668 613 2732; x_wconf 65' lang='lat' dir='ltr'>piuntrmiationem.</span> <span class='ocrx_word' id='word_1_267' title='bbox 648 2662 767 2725; x_wconf 75' lang='lat' dir='ltr'>hiventio</span> <span class='ocrx_word' id='word_1_268' title='bbox 786 2675 825 2711; x_wconf 88' lang='lat' dir='ltr'>est</span> <span class='ocrx_word' id='word_1_269' title='bbox 842 2660 945 2724; x_wconf 65' lang='lat' dir='ltr'>erengi*</span> 
     </span>
    </p>
   </div>
   <div class='ocr_carea' id='block_1_3' title="bbox 0 0 1010 2975">
    <p class='ocr_par' dir='ltr' id='par_1_13' title="bbox 0 0 1010 2975">
     <span class='ocr_line' id='line_1_38' title="bbox 0 0 1010 2975; baseline 0 0"><span class='ocrx_word' id='word_1_270' title='bbox 0 0 1010 2975; x_wconf 95' lang='lat' dir='ltr'> </span> 
     </span>
    </p>
   </div>
  </div>
 </body>
</html>
