2000 2975
179 101 183 112 .
921 65 925 72 ’
988 49 990 110 l

134 156 193 209 «ss
354 137 431 207 sn
466 113 734 209 sussurrvn
989 115 990 190 l

163 297 191 332 ee
204 277 305 341 licebit,
327 280 349 330 si
362 278 409 330 liae
431 291 535 344 promta
549 280 625 344 eopia
643 267 761 329 contenti
778 296 834 330 non
847 281 960 345 erimus

163 349 338 414 nosmetipsos
356 344 434 398 nobis
456 348 615 411 cogitatione
628 359 719 397 nostes
741 349 878 413 regionem
893 365 960 399 con·

164 418 287 477 stituere,
311 427 338 463 et
350 414 508 463 idoneorum
519 416 641 466 loconun
653 414 900 466 commodissimam
918 416 960 465 di·

82 509 86 526 ·
165 484 335 533 stinctionem
358 498 519 548 comparare.
561 484 601 531 De
621 483 686 532 loeis
702 485 764 532 satis
779 482 959 533 dictumest:

166 568 236 602 nunc
253 550 285 599 nd
298 552 447 615 imaginum·
466 553 599 599 rationem
612 561 783 600 transeamus.

234 616 294 667 XX.
330 618 464 680 Quoniam
472 634 636 682 ergorerum
652 619 751 668 similes
766 619 961 683 imsginEsesse

168 697 282 752 oportet,
291 697 318 733 et
324 683 486 734 exomnibus
492 684 580 733 verbis
590 696 666 733 notas
680 697 783 735 nosmet
796 685 875 735 nobis
886 687 962 735 simin

168 751 295 804 lituslines
309 752 405 815 eligere
424 750 560 811 debemus,
582 751 701 817 duplices
713 752 906 803 similitudines
922 770 961 801 es·

169 839 196 871 se
211 818 323 880 debeut3
337 835 402 867 unae
414 835 512 880 rerum,
519 822 616 869 alterae
622 819 772 869 verborum.
780 818 961 870 Rerumsi'mi

169 885 296 940 litudines
307 886 497 953 exprimuntur,
520 889 755 944 cum,summatim
777 888 899 953 ipsorum
917 904 962 936 ue:
989 913 990 919 1

170 956 306 1021 gotiorum
320 955 447 1020 imagines
458 960 657 1021 comparamus:
676 953 817 1005 verborum
833 957 961 1004 similitn¹

171 1022 245 1074 dines
264 1023 473 1082 constituuntur,
502 1040 565 1072 cnm
583 1023 784 1088 imiuscuiusque
800 1025 920 1073 nominis
935 1034 963 1071 et

115 1150 129 1156 ‚
170 1087 293 1142 vocabuli
315 1091 443 1139 memoria
463 1091 578 1154 imagine
596 1102 711 1140 notatur.
750 1092 894 1142 Reitotius
906 1107 963 1142 moe

171 1159 285 1208 moriam
297 1174 372 1222 saepe
388 1174 438 1205 una
451 1169 523 1218 nota,
543 1170 570 1206 et
582 1158 696 1223 imagine
709 1159 827 1224 simplici
840 1167 967 1224 compr&

136 1225 139 1230 ’
170 1223 325 1283 hendemus,
340 1224 390 1271 lioc
401 1222 497 1272 modo:
515 1236 545 1274 ut
558 1226 725 1285 sihsccusator
740 1225 846 1287 dixerit,
865 1226 900 1274 ab
918 1241 961 1274 reo

171 1293 554 1353 hominemvenenonecatum,
571 1303 598 1341 et
611 1293 763 1343 hereditatis
772 1310 847 1343 causa
860 1293 961 1343 ssctmn

171 1360 295 1424 arguerit,
313 1370 339 1407 et
353 1359 409 1408 eius
422 1361 460 1407 rei
472 1361 572 1410 multos
589 1358 688 1410 dixerit
703 1372 781 1410 testes
798 1374 825 1409 et
841 1361 962 1410 conscios
989 1377 990 1380 ¹

171 1443 242 1478 csse:
261 1427 283 1475 si
296 1425 346 1475 hoc
357 1427 482 1492 primum,
499 1440 529 1476 ut
543 1425 741 1477 defendendum
755 1423 831 1477 nolin
854 1427 961 1496 expedi¹

171 1508 229 1545 tum
241 1495 448 1567 sit„mqpninisse
465 1498 598 1555 volemum
615 1496 643 1545 iu
655 1498 742 1562 primo
754 1499 813 1549 loco
825 1498 866 1545 rei
879 1499 963 1549 totius
990 1516 991 1541 l

172 1563 315 1627 imaginem
332 1561 572 1624 conformabimus3
589 1575 726 1627 aegrotum
741 1565 851 1615 inlecto
864 1564 963 1615 cubam
990 1554 991 1593 ³

173 1643 229 1683 tem
241 1629 367 1681 sociemus
377 1630 466 1694 ipsum
479 1631 573 1692 illum,
585 1629 619 1685 de
629 1649 680 1697 quo
692 1643 790 1694 agetur,
807 1633 830 1681 si
845 1631 961 1682 formam
990 1630 991 1663 3

173 1699 228 1748 eius
242 1694 434 1758 detinebimus3
452 1698 548 1746 sicum
564 1710 616 1746 non
636 1700 826 1764 agnoverimus,
844 1701 962 1765 aliquem
990 1686 991 1761 1

173 1776 309 1831 aegrotum
325 1782 378 1813 non
398 1763 433 1829 de
447 1766 560 1815 minimo
580 1765 640 1815 loco
658 1782 800 1828 sumemus,
817 1779 847 1816 ut
863 1769 920 1816 cito
937 1768 963 1815 in
989 1772 991 1827 ζ

170 1846 290 1883 mentem
305 1833 392 1882 venire
404 1834 497 1898 possit,
515 1845 541 1881 et
557 1850 632 1883 reum
643 1832 677 1882 ad
692 1833 792 1882 leettun
807 1835 863 1884 eius
882 1834 963 1883 adsti-
990 1834 991 1849 ¹

173 1912 285 1961 tuemus,
304 1899 396 1951 dextra
411 1901 546 1965 poculum,
564 1903 668 1950 sinistra
681 1900 792 1962 tabulas,
810 1901 920 1951 medico
928 1913 964 1969 tp·

172 1970 281 2021 sticulos
298 1966 421 2015 arietinos
438 1979 582 2016 tenentem.
623 1969 680 2017 Hoc
699 1968 781 2017 modo
799 1980 825 2016 et
843 1971 963 2028 testium,

173 2047 200 2083 et
213 2032 376 2093 hereditatis,
390 2044 417 2081 et
431 2050 530 2082 veneno
542 2036 628 2082 necati
643 2038 802 2085 memoriam
812 2034 912 2085 habere
919 2053 964 2102 po·

172 2102 290 2153 teritum.
325 2100 394 2148 Item
406 2099 530 2166 deinceps
551 2115 636 2150 cetera
652 2103 763 2152 crimina
775 2119 806 2152 ex
824 2104 922 2153 ordine
938 2106 964 2152 in
989 2098 991 2103 ’

173 2170 239 2219 locis
251 2182 390 2233 ponemus:
409 2180 444 2228 et,
465 2170 670 2234 quotiescunque
689 2187 747 2219 rem
759 2173 912 2220 meminisse
921 2188 963 2221 vo·

141 2279 145 2283 .
172 2237 266 2295 lentus,
281 2235 303 2282 si
322 2234 467 2283 formarum
484 2235 663 2301 dispositione,
689 2250 715 2286 et
736 2239 886 2302 imagiutun
901 2238 963 2288 dili·

173 2304 245 2369 genii
257 2303 393 2351 notatione
407 2316 521 2367 utemur,
538 2304 617 2354 facile
630 2322 669 2368 ea,
689 2322 755 2371 quae
766 2308 894 2367 volemus,
906 2322 964 2356 me»

82 2404 91 2417 .
171 2386 256 2425 moris
271 2385 347 2418 conse
369 2387 469 2419 nemun.
510 2414 514 2421 ,

240 2436 312 2487 XXI.
348 2388 573 2489 domiciliorum
593 2440 782 2491 similitudines
801 2441 966 2504 imaginibus

172 2504 319 2570 exprimere
332 2505 457 2566 volemus,
474 2507 535 2572 plus
552 2507 653 2569 negotii
665 2509 847 2573 suscipiemus,
867 2521 894 2557 et
908 2525 965 2558 ma·

172 2572 212 2635 gis
221 2571 357 2634 ingenium
369 2587 490 2622 nostrum
500 2573 689 2624 exercebimus.
723 2574 756 2623 ld
770 2593 818 2624 nos
831 2574 883 2625 hoc
906 2592 964 2633 mo·

125 2672 142 2681 -
173 2639 208 2688 sto
222 2639 307 2688 lacere
322 2638 465 2706 oportebit·
497 2640 561 2692 Iam
577 2640 769 2700 domuitionem
785 2657 865 2709 reget
882 2642 965 2694 Am'-
990 2638 991 2641 ¹
