2000 2975
135 203 152 257 o
289 235 296 254 t
345 205 406 264 su
431 183 703 273 rr‘nnnurrvsr

132 346 194 399 pem
204 345 309 407 eausam
320 322 460 391 babemus,
478 330 533 381 hoc¹
545 341 593 392 est,
611 347 672 380 cum
690 331 744 396 ipsa
756 347 798 380 res
813 330 932 381 animum

134 399 261 449 auditoris
278 417 293 447 a
305 398 382 447 nobis
404 400 514 462 alicnat3
533 410 579 449 aut
594 416 656 449 cum
680 400 781 448 animus
804 397 933 448 auditoris

134 478 269 535 persuasus
290 467 394 518 videtur
414 484 468 517 esse
490 467 523 516 ab
536 469 587 527 xiis,
605 468 650 532 qui
668 480 726 516 ante
750 477 842 515 contra
861 461 938 515 dixen‘

134 548 212 597 runt,
230 547 343 585 autenm
350 534 514 592 desessusest
527 553 572 585 eos
585 535 724 594 audiendo,
732 535 777 600 qui
792 546 852 584 aute
861 533 934 582 dixe·

133 616 205 658 suut.
243 603 273 654 Si
284 621 360 652 causa
378 603 571 669 turpitudinem
587 604 712 663 habebit,
729 602 844 651 exordiri
859 613 934 668 poten

96 697 103 706 =
134 669 217 739 tinius
233 671 274 722 his
287 671 445 728 rationibus:
464 681 537 733 rem,
555 672 772 733 non'hominem3
791 681 835 719 aut
849 667 943 718 finni:

133 757 207 800 uem,
221 757 275 790 uon
287 757 345 789 rem
367 740 479 806 spectari
504 752 640 806 oportere:
658 757 711 787 non
727 740 835 806 *plaeere
857 736 936 787 nobis

120 809 206 875 ipsis,
226 825 291 873 quae
302 807 372 857 facta
382 807 504 860 dicantur
519 807 551 857 ab
566 806 739 866 adversariis,
752 819 781 856 et
795 823 850 856 esse
868 802 938 857 iudi·

135 891 194 942 gna3
212 888 257 925 sut
267 869 374 925 nestris.
385 874 495 944 'Deinde
512 892 575 926 cum
586 874 632 924 diu
646 891 704 924 rem
721 875 878 934 auxerimus,
896 874 937 923 nis

135 943 173 1005 til
186 944 271 1008 simile
289 963 303 992 a
318 944 395 996 nobis
408 944 509 996 factum
524 941 710 1006 ostendemus,
727 955 773 992 aut
788 944 940 1007 aliquorum

135 1010 263 1062 iudicium
271 1012 303 1063 de
318 1014 399 1063 simili
413 1030 498 1075 carisa,
512 1026 556 1068 aut
564 1012 597 1064 de
613 1010 714 1071 eadem,
729 1023 774 1060 aut
784 1010 816 1060 de
825 1010 938 1071 minore,

136 1092 183 1132 aut
189 1079 221 1130 de
231 1082 330 1130 maiore
339 1082 512 1147 proferemus.
530 1081 632 1131 Deinde
650 1080 684 1130 ad
698 1092 816 1130 nostram
832 1093 939 1127 cainam

73 1212 76 1216 Α
133 1147 296 1213 pedetentim
311 1148 480 1209 accedemus,
498 1160 526 1197 et
539 1148 742 1197 similitudinem
764 1147 940 1196 conferemus.

136 1215 205 1268 Item
220 1213 423 1279 siuegabimus‚
441 1233 489 1264 nos
505 1213 538 1264 de
546 1214 709 1274 adversariis,
717 1226 762 1263 aut
770 1214 802 1262 de
809 1215 895 1278 aliqua
909 1230 940 1262 re

134 1282 261 1343 dicturos,
275 1293 300 1331 et
308 1293 396 1331 tamen
408 1282 511 1331 occulte
527 1280 644 1331 dicemus
656 1281 835 1329 interiectione
843 1279 940 1329 verbo·

83 1397 86 1400 .
135 1368 203 1402 rum.
212 1350 240 1400 si
249 1363 384 1416 persuasus
391 1348 496 1399 auditor
504 1347 593 1408 fuerit,
602 1347 630 1396 id
639 1359 687 1404 est,
696 1348 718 1394 si
726 1346 810 1394 oratio
816 1344 940 1397 adversa„

88 1447 92 1456 ·
124 1420 237 1468 riorum
257 1415 420 1467 auditoribus
439 1416 523 1464 tidem
544 1415 648 1464 fecerit:
676 1412 768 1478 (netpse
789 1413 861 1462 enim
882 1432 939 1464 uon

82 1499 85 1503 '
135 1471 213 1537 iacile
226 1487 291 1536 scire
321 1485 455 1545 eterianus,
472 1484 598 1548 qnoniam
605 1501 656 1532 non
669 1497 759 1530 sumus
771 1482 860 1544 nescii,
878 1483 937 1548 qui.

135 1552 273 1604 busrebus,
281 1503 345 1600 fides
356 1552 412 1600 fieri
425 1548 531 1615 soleat:)
549 1567 611 1615 ergo
626 1551 648 1598 si
658 1548 738 1597 iidem
750 1549 850 1609 sectam
860 1563 937 1616 puta.

87 1652 91 1660 ι
134 1621 231 1681 bimus,
247 1619 288 1668 his
301 1636 349 1667 nos
359 1618 438 1668 rebus
447 1616 639 1667 insinuabimus
650 1615 684 1665 ad
695 1632 816 1665 causamn
839 1616 872 1665 de
895 1635 936 1679 eo,

135 1687 208 1754 quod
225 1685 365 1737 adversarii
376 1685 557 1750 firmissimum
570 1685 620 1734 sibi
632 1684 814 1735 adiumentum
829 1681 938 1749 putare.

135 1758 197 1816 rint,
211 1755 327 1820 primum
338 1759 385 1803 uosx
397 1752 514 1803 dictsnos
525 1753 726 1820 pollicebimur,
741 1764 786 1801 aut
797 1751 829 1800 ab
843 1750 936 1800 adrer-

137 1824 199 1875 sarii
216 1822 288 1872 dioto
310 1820 491 1881 exordiemur,
511 1833 537 1871 et
555 1821 587 1872 ab
606 1840 636 1871 eo
651 1822 779 1881 maxime,
798 1818 869 1885 quod
888 1817 936 1881 ille

116 1886 399 1957 ‘nuperrimedixeriu
415 1903 459 1941 asu
474 1889 639 1943 dubitatione
649 1902 761 1951 utemur,
779 1887 843 1954 quid
856 1887 938 1954 potis:

135 1960 233 2011 simmn
245 1957 380 2018 dicamus,
398 1970 443 2007 aut
455 1960 498 2006 cui
511 1958 570 2021 loco
588 1960 705 2024 primum
723 1954 937 2021 respondeamus,

135 2037 197 2080 eum
208 2022 390 2093 admirptione.
426 2025 455 2074 Si
467 2024 562 2073 defessi
581 2035 658 2074 erunt
668 2021 822 2086 -audiend03
839 2022 872 2070 ab
888 2023 937 2071 ali=

81 2089 90 2099 ⁶
135 2090 937 2162 quare,quaerisummoverepossitexordiemurnbapologo,

54 2164 57 2167 ’
136 2180 151 2215 s
164 2162 252 2212 sabula
265 2161 407 2221 verisimili,
414 2160 571 2220 inritatione,
577 2157 769 2226 depravatione,
781 2161 935 2225 inversione,

75 2275 79 2281 .
137 2229 269 2296 ambiguo,
281 2228 435 2294 suspicione,
447 2228 576 2289 irrisione,
589 2229 711 2289 stultitia,
728 2229 935 2294 exsuperatione,

128 2299 284 2357 stellatione,
291 2299 438 2346 litterarum
444 2296 604 2358 mutatione;
616 2308 748 2362 praeterea
764 2295 934 2361 exspectatio·

95 2379 105 2396 “
136 2384 185 2430 ue,
219 2363 405 2424 similitudine,
424 2365 559 2425 novitate,
573 2364 696 2426 historia,
719 2379 812 2423 versu,
836 2372 881 2410 aut
899 2359 933 2409 ab

136 2435 245 2494 alieuius
254 2433 469 2500 interpellatione,
487 2444 534 2485 aut
544 2432 686 2493 arrisione,
703 2442 730 2481 et
744 2431 766 2478 si
785 2429 934 2496 promiseri·

135 2517 204 2565 mus,
220 2504 304 2564 aliter,
324 2520 354 2552 ac
362 2502 448 2568 parati
459 2502 594 2562 fuerimus,
614 2518 659 2550 nos
671 2516 726 2548 esse
735 2495 866 2557 dicturos3
884 2512 933 2544 nos
942 2516 952 2537 z

135 2571 288 2622 noneodem
294 2568 383 2631 modo,
391 2583 420 2621 ut
427 2571 507 2634 ceteri
513 2570 623 2631 soleant,
634 2565 713 2617 verba
727 2565 843 2613 facturos
851 2585 858 2628 5
867 2562 932 2630 quid

135 2638 181 2689 alii
195 2640 311 2709 soleant,
327 2638 460 2708 quidnos
471 2638 567 2691 facturi
578 2637 676 2698 simus,
693 2632 808 2684 breviter
815 2648 932 2698 ‚expone-

69 2703 76 2722 ¹
134 2723 203 2762 runs.
